2000 2581
793 146 804 206 S
845 142 857 202 L
904 142 909 202 e
939 142 985 202 n.
997 143 1003 203 1
1026 143 1038 203 R
1090 142 1144 202 A.

467 211 588 271 Quae
612 205 692 265 quis
716 200 861 260 capiant
893 198 1005 258 huius
1038 198 1238 258 extinouere
1262 198 1383 258 luen

534 271 777 331 Deponantqus
814 263 889 323 leui
936 260 1076 320 corpora
1113 259 1225 319 deusa
1273 259 1347 319 faci

472 342 558 402 Hic
594 335 730 395 tamen
781 327 982 387 obstantes
1025 322 1191 382 ppellens
1226 322 1385 382 limmine
1414 326 1514 386 imbes

541 396 713 456 Extollit
756 393 864 453 vultr
914 390 1043 450 sudera
1079 387 1186 447 clara
1215 384 1293 444 suo.

496 470 563 530 die
599 463 688 523 quis
726 456 830 516 tristi
867 451 1097 511 lanquerent
1150 451 1253 511 corda
1291 454 1409 514 dolore

547 535 614 595 Act
661 524 775 584 essent
823 516 1033 576 lactirgmis
1071 515 1214 575 eucta
1252 518 1385 578 repleta
1423 521 1518 581 tuis¬

496 612 543 672 Te
574 606 606 666 tn
637 600 700 660 ille
732 593 818 653 dolor
881 584 1022 644 tuctus
1054 579 1306 639 lactrigmneqi
1337 580 1494 640 decebant

540 669 600 729 Et
640 661 767 721 tristis
807 653 934 713 forme
987 647 1114 707 gratia
1161 645 1301 705 maior
1342 645 1428 705 eeit

502 747 579 807 Hei
611 729 726 789 quoties
765 718 873 778 volui
904 714 1051 774 solantia
1097 713 1213 773 dicere
1252 711 1321 771 xoba

553 791 725 851 velpossem
777 780 897 840 luctus
931 778 1137 838 immmisse
1172 776 1275 836 tuos.

501 857 573 917 Sed
606 849 728 909 quoties
753 844 818 904 nepi
850 840 948 900 toties
989 838 1062 898 mea
1103 838 1233 898 linqua
1282 844 1412 904 retenta
1453 853 1550 913 est,

541 921 593 981 Et
633 910 791 970 tardata
837 906 896 966 meo
929 905 1047 965 stulta
1094 904 1232 964 pudore
1272 900 1351 960 fui.

496 986 602 1046 Nam
652 977 709 1037 tna
744 968 972 1028 maiestas,
993 964 1093 1024 decor
1128 964 1184 1024 hic
1213 965 1441 1025 venerabilis
1469 971 1532 1031 oris

562 1048 715 1108 Tevruit
745 1039 791 1099 &amp;
814 1033 982 1093 grauitas
1028 1028 1096 1088 que
1127 1028 1165 1088 ti
1196 1028 1303 1088 corde
1325 1030 1410 1090 sedet

496 1118 593 1178 Sepe
620 1105 754 1165 praues
790 1094 950 1154 terrrens
986 1088 1155 1148 puerilit
1199 1087 1225 1147 in
1262 1087 1368 1147 corpe
1394 1090 1555 1150 mores,

557 1175 727 1235 Corpore
770 1160 927 1220 detinni
963 1153 1120 1213 lumina
1184 1150 1262 1210 fixa
1319 1148 1412 1208 tuo.

503 1244 600 1304 Sege
629 1235 712 1295 tium
771 1223 958 1283 aspirens
1002 1216 1152 1276 intento
1189 1214 1345 1274 linuire
1390 1215 1576 1275 vultum,

563 1301 630 1361 Vix
664 1293 832 1353 anium
880 1286 1028 1346 poteram
1082 1277 1305 1337 continuisse
1345 1274 1493 1334 meun.

514 1369 595 1429 Nec
632 1361 713 1421 quid
750 1353 838 1413 eram
890 1345 1053 1405 scibam,
1075 1342 1178 1402 tectis
1222 1341 1252 1401 in
1296 1343 1451 1403 ignibus
1481 1349 1577 1409 vstae

567 1420 824 1480 Npaeteum
903 1409 1035 1469 Cristia
1071 1404 1317 1464 langnebant
1353 1405 1459 1465 corda
1494 1410 1609 1470 dolore
1636 1418 1759 1478 gravi¬

505 1495 581 1555 Sic
620 1484 727 1544 mihri
755 1475 919 1535 paulatim
977 1467 1169 1527 conceptus
1218 1465 1372 1525 prodiit
1412 1466 1498 1526 imnis

553 1550 603 1610 Et
637 1542 731 1602 nona
773 1537 816 1597 que
825 1534 918 1594 visum
986 1529 1122 1589 famia
1164 1529 1318 1589 mutrita
1361 1530 1454 1590 mihi
1480 1530 1530 1590 est

338 1620 484 1680 quamnis
535 1620 591 1680 prsa
641 1612 772 1672 diussf
812 1607 845 1667 te
886 1604 975 1664 saepe
1009 1599 1132 1659 imota
1164 1594 1319 1654 viterem

573 1682 660 1742 Non
693 1676 807 1736 anllos
854 1669 1002 1729 poteram
1061 1665 1102 1725 sic
1135 1663 1269 1723 satiare
1303 1662 1429 1722 meos.

529 1761 632 1821 Quo
671 1751 784 1811 mage
813 1745 899 1805 spec
918 1741 1041 1801 tabam
1107 1738 1250 1798 magis
1288 1737 1345 1797 hec
1383 1737 1421 1797 in
1458 1738 1573 1798 forma
1610 1739 1753 1799 placebat

586 1801 659 1861 Atq
569 1830 670 1890 diest
704 1821 792 1881 neuo
818 1814 975 1874 mixtus
1022 1810 1144 1870 reuit
1204 1809 1346 1869 anore
1380 1809 1515 1869 dolor¬

499 1897 603 1957 Siue
638 1889 699 1949 ego
725 1885 768 1945 te
795 1881 917 1941 plenis
960 1878 1152 1938 cernebam
1223 1877 1336 1937 ferve
1362 1878 1571 1938 ranistris

562 1961 728 2021 Frrcula
771 1954 833 2014 vel
859 1949 982 2009 dalcis
1043 1945 1182 2005 porula
1226 1944 1348 2004 plena
1384 1943 1523 2003 meri¬

517 2034 722 2094 Mirabar
763 2023 895 2083 dignos
935 2019 1010 2079 tali
1042 2019 1050 2079 t
1115 2017 1297 2077 munere
1345 2014 1485 2074 pestus

569 2105 766 2165 Mirabar
807 2092 922 2152 moves
963 2083 1242 2143 compositumq
1292 2082 1439 2142 decus.
