2000 2581
526 178 1037 238 IIISTORIA
1113 186 1189 246 IO

662 268 719 328 SL
762 268 892 328 DIII
927 268 1064 328 IIb.
1078 265 1121 325 I.

272 367 506 427 Horvida
554 372 638 432 fert
675 376 854 436 animus
900 382 1106 442 describere
1135 386 1313 446 crimina
1360 389 1519 449 fratrum

393 439 537 499 Quos
569 437 713 497 genuit
769 439 865 499 dino
913 445 1089 505 guomissas
1137 450 1297 510 semine
1329 452 1465 512 lacob,

375 511 600 571 Negyptique
626 507 833 567 famem,
861 510 996 570 pueri
1032 517 1238 577 cuvasque
1256 522 1462 582 fidemque.

324 590 390 650 les
431 583 515 643 rogo
556 577 823 637 Castalides
864 577 1006 637 fontes
1055 583 1172 643 milii
1197 591 1371 651 pandite
1404 601 1546 661 sacros,

386 646 618 706 Calluogeque
643 640 704 700 tuo
747 640 842 700 mea
894 644 1101 704 carmina
1162 657 1350 717 tranite
1385 668 1540 728 ducas,

389 722 444 782 Vt
484 710 602 770 semel
633 705 776 765 exersos
815 706 934 766 liceat
1005 715 1155 775 finire
1202 730 1384 790 labores,

342 790 388 850 e
422 781 526 841 Dens
560 773 756 833 imensi
780 772 930 832 statuit
975 781 1263 841 fundamina
1309 799 1482 859 mundi

379 848 661 908 Aethereasque
694 840 766 900 suo
799 841 1009 901 muminit
1065 849 1203 909 rebore
1251 859 1348 919 sedes

379 913 482 973 Mor
517 908 733 968 hominem
794 908 811 968 e
854 911 976 971 terre
1028 920 1227 980 massa,
1253 930 1418 990 primuq
1478 942 1651 1002 parente

382 981 602 1041 Condidit
645 976 687 1036 et
729 976 855 1036 seriam
919 980 1003 1040 vite
1055 986 1130 1046 hibi
1171 998 1372 1058 tradidit
1434 1014 1571 1074 tinam

387 1044 521 1104 Dtumc
569 1042 665 1102 deus
713 1043 934 1103 instituit
972 1052 1126 1112 dum,
1154 1062 1327 1122 regerns
1376 1077 1558 1137 potentem

378 1112 429 1172 Et
474 1108 598 1168 modo
635 1109 841 1169 fundati
884 1116 1046 1176 tribuit
1098 1131 1355 1191 modamina
1399 1148 1589 1208 mundi¬

368 1176 576 1236 Faemina
617 1176 642 1236 se
683 1177 824 1237 imisero
874 1183 1057 1243 simplex
1115 1193 1206 1253 dum
1273 1208 1397 1268 noxia
1447 1227 1604 1287 suadet

384 1245 570 1305 consilia
659 1243 692 1303 et
740 1244 886 1304 simum
934 1253 1097 1313 linquit
1145 1263 1251 1323 bona
1299 1278 1413 1338 iussa
1461 1296 1615 1356 paretis

374 1311 546 1371 Frcidit
596 1306 760 1366 infoelix
810 1308 909 1368 solio
958 1317 1163 1377 detensus
1212 1331 1262 1391 ab
1311 1341 1426 1401 alto.

378 1379 447 1439 Ne
478 1376 617 1436 tamen
672 1376 834 1436 excelsi
872 1380 1004 1440 cadet
1050 1388 1173 1448 male
1212 1397 1343 1457 ploria
1389 1411 1590 1471 mundi¬

366 1449 422 1509 Et
462 1441 598 1501 genus
646 1440 886 1500 leunaum
958 1452 1214 1512 mevitasque
1230 1464 1294 1524 pe
1358 1474 1526 1534 crimine
1558 1481 1686 1541 poenas

382 1503 652 1563 Occumbens
699 1505 885 1565 lueret,
916 1514 1024 1574 dnus
1047 1522 1186 1582 solatur
1209 1528 1356 1588 anncis

388 1575 607 1635 Consilijs,
624 1575 738 1635 pprij
773 1581 1000 1641 gemittens
1053 1590 1236 1650 semina
1280 1594 1402 1654 nati¬

379 1654 385 1714 5
464 1646 512 1706 vt
555 1642 743 1702 mundus
797 1646 997 1706 tembris
1052 1657 1252 1717 imersus
1295 1664 1325 1724 in
1367 1667 1458 1727 atris

373 1715 538 1775 Accigit
587 1707 703 1767 foelix
752 1710 876 1770 dicim
943 1720 1124 1780 lumina
1190 1729 1305 1789 nati

370 1786 556 1846 Pollicita
602 1782 696 1842 hinn
766 1782 906 1842 eadem
976 1785 1046 1845 dii
1100 1791 1232 1851 bonus
1272 1798 1419 1858 accipit
1466 1808 1598 1868 Alram

384 1862 502 1922 Qui
538 1850 711 1910 vetulus
766 1849 903 1909 natum
975 1859 1222 1919 promissaque
1250 1870 1404 1930 semina
1450 1879 1604 1939 cernit.

379 1930 544 1990 Nascite
618 1917 782 1977 Vacides
837 1920 1021 1980 domino
1076 1930 1177 1990 dilec
1215 1938 1278 1998 tus
1306 1948 1434 2008 Jamb.

370 2006 458 2066 Bis
479 1998 588 2058 senos
633 1991 785 2051 gerit
840 1994 960 2054 prio
994 1999 1058 2059 que
1081 2008 1234 2068 semine
1267 2023 1398 2083 natos

356 2077 519 2137 Ques
563 2071 666 2131 mea
725 2071 854 2131 Musa
898 2075 1018 2135 caret
1086 2083 1173 2143 vem
1224 2095 1396 2155 aspirate
1430 2106 1559 2166 fauore

367 2148 612 2208 dierides,
639 2144 767 2204 liceat
839 2146 958 2206 casus
1012 2151 1122 2211 mihi
1158 2160 1313 2220 scribere
1358 2175 1477 2235 duvos
