2000 2581
633 157 740 217 AD.
764 156 830 216 D.
842 155 1283 215 HIINXXCIIVII
1320 154 1558 214 DVIIIII.

698 224 788 284 ste
846 221 1232 281 noretnareet
1268 222 1398 282 suret

825 290 1043 350 Rodolphus
1060 287 1340 347 Gualtherus.

441 375 647 435 Mittimus
681 373 845 433 informes
879 374 989 434 foctus
1023 374 1078 434 &amp;
1092 375 1255 435 carmina
1297 375 1378 435 dura

527 438 696 498 Quatia
738 433 837 493 nunc
874 432 991 492 temnis
1033 432 1099 492 ma
1141 433 1309 493 Camena
1343 432 1436 492 camit

441 495 528 555 Non
565 494 664 554 licuit
701 492 800 552 nobis
837 490 1048 550 lambendo
1085 490 1227 550 fingere
1264 491 1431 551 pulctras

526 557 692 617 Actus,
712 553 798 613 nam
848 550 994 610 tempus
1035 549 1105 609 eum
1150 550 1457 610 lrenitateniret

447 621 497 681 Si
516 617 547 677 tn
585 613 641 673 hec
680 609 812 669 animo
843 607 968 667 grato
1069 608 1207 668 caepisse
1246 612 1452 672 videmns,

517 670 693 730 torsitan
745 666 813 726 ipse
849 665 926 725 tibi
963 664 1041 724 tum
1098 665 1243 725 meliora
1285 668 1404 728 dabo.

457 732 697 792 Bullingere
734 727 878 787 pater,
900 726 1050 786 nostres
1081 725 1148 785 tibi
1179 727 1321 787 mittere
1351 729 1441 789 lusus

518 796 613 856 Non
649 790 773 850 vocor,
785 787 945 847 quoniam
999 786 1111 846 torda
1153 788 1307 848 bemgna
1349 793 1474 853 tenes.

466 854 546 914 Nec
582 850 712 910 nostre
736 848 927 908 spernes,
940 849 1087 909 credo,
1100 852 1327 912 primordia
1365 859 1501 919 Musae,

531 914 641 974 Aug
674 910 758 970 cano
797 908 863 968 dum
921 908 927 968 a
966 908 1051 968 prijs
1083 910 1181 970 nune
1220 912 1292 972 quit
1330 915 1415 975 exro
1441 918 1512 978 locis

473 972 655 1032 Vidimus
696 970 708 1030 a
744 969 837 1029 temn
879 970 1126 1030 5pumantia
1179 971 1349 1031 Ammina
1402 970 1484 1030 eiuo

527 1037 733 1097 Jurgere,
759 1033 833 1093 tum
882 1032 1015 1092 parnis
1064 1032 1188 1092 gratia
1229 1033 1304 1093 saepe
1329 1034 1477 1094 subest.

479 1107 542 1167 dic
579 1099 674 1159 etiam
724 1094 837 1154 nostre
875 1094 1051 1154 fertassis
1089 1097 1227 1157 cressere
1265 1099 1384 1159 Musae

521 1163 609 1223 Cum
666 1159 798 1219 studio
836 1156 1043 1216 poterunt,
1063 1156 1088 1216 si
1113 1157 1195 1217 decis
1232 1159 1302 1219 ipse
1333 1164 1434 1224 velit

472 1228 624 1288 Interea
662 1222 726 1282 aest
757 1219 910 1279 lmili
941 1218 1081 1278 carmen
1112 1219 1145 1279 im
1189 1220 1322 1280 luditer
1341 1222 1430 1282 aruo

524 1282 652 1342 Numc
688 1280 853 1340 linnueri
881 1280 1009 1340 nostri
1038 1281 1203 1341 grandia
1252 1283 1345 1343 ferre
1381 1287 1517 1347 negat.

465 1344 506 1404 Tu
538 1340 654 1400 tamen
687 1338 696 1398 a
737 1338 827 1398 curis
860 1339 1009 1399 magnis
1050 1343 1256 1403 aliquando
1281 1346 1445 1406 gestens,

509 1412 601 1472 Haer
641 1406 710 1466 mea
755 1403 812 1463 non
853 1403 933 1463 apia
972 1404 1150 1464 rarmina
1190 1407 1310 1467 mente
1344 1412 1465 1472 legas.

474 1473 620 1533 memor
654 1470 757 1530 atque
774 1469 826 1529 tui
860 1469 904 1529 ne
929 1469 981 1529 sis
1015 1470 1058 1530 pr
1092 1471 1204 1531 alie
1239 1477 1463 1537 Rodolptii¬

525 1533 680 1593 Causam
768 1532 851 1592 quem
897 1532 969 1592 num
1036 1532 1176 1592 maenia
1217 1534 1315 1594 clara
1351 1536 1480 1596 tenent

470 1595 703 1655 Qetiuam
748 1593 858 1653 liceat
909 1593 1065 1653 meritis
1110 1594 1259 1654 maiora
1304 1598 1472 1658 referrt,

536 1663 602 1723 Sed
648 1658 720 1718 non
760 1658 826 1718 hoc
899 1659 1004 1719 nobis
1050 1663 1190 1723 tristia
1235 1665 1315 1725 fata
1361 1665 1479 1725 ferunt

466 1729 511 1789 Tu
542 1725 625 1785 pror
662 1722 708 1782 vt
745 1722 858 1782 vinas
896 1722 1009 1782 casta
1055 1725 1115 1785 eum
1168 1728 1326 1788 coninge
1372 1729 1484 1789 falix

525 1788 658 1848 Annos
707 1786 974 1846 Nestoreos,
999 1790 1156 1850 tempora
1205 1794 1278 1854 leta
1327 1797 1498 1857 videns.

464 1851 619 1911 taelicem
677 1849 818 1909 videam
869 1852 994 1912 sancta
1046 1856 1075 1916 te
1113 1858 1208 1918 prole
1245 1861 1480 1921 parentem,

516 1919 740 1979 Splendida
794 1920 838 1980 quod
857 1920 938 1980 post
973 1922 1009 1982 te
1045 1926 1170 1986 patria
1216 1929 1314 1989 signa
1349 1931 1493 1991 ferat.

454 1983 653 2043 Walcas
691 1982 745 2042 dim
790 1982 867 2042 xobi
898 1987 1120 2047 dostissime
1158 1992 1234 2052 pses

506 2049 565 2109 Et
612 2046 737 2106 vinas
776 2047 908 2107 nostri
948 2053 1106 2113 tempris
1152 2058 1178 2118 in
1211 2061 1336 2121 omne
1370 2065 1555 2125 memor.

745 2146 794 2206 15
842 2137 939 2197 Cal.
968 2139 1115 2199 Mart:
1134 2145 1279 2205 1540.
