2000 2581
518 174 725 234 conceptas
762 168 940 228 mitris,
969 167 1082 227 aulae
1118 167 1193 227 dum
1259 168 1393 228 quisque
1422 169 1600 229 honorem

516 245 676 305 Depossit
716 232 932 292 capidus,
964 229 1037 289 non
1076 230 1149 290 hec
1181 231 1373 291 sententia
1421 232 1605 292 dinum,

515 311 568 371 dt
619 300 784 360 Pharius
828 296 919 356 peses
955 295 1046 355 tali
1075 295 1224 355 potiate
1262 297 1433 357 honore.

505 375 596 435 Eet
629 368 704 428 tibi
737 364 820 424 nam
886 362 1085 422 famulus
1134 362 1316 422 gegrinis
1358 367 1508 427 ductus
1541 370 1573 430 ab
1603 375 1652 435 orib

504 437 694 497 Emptus
733 429 934 489 perandi
972 428 1105 488 pratio,
1124 429 1182 489 iu
1229 433 1383 493 nomen
1420 437 1554 497 sosepth.

518 506 657 566 Quem
719 498 827 558 ibeo
873 495 919 555 vt
966 495 1112 555 multis
1151 497 1313 557 captato
1352 502 1537 562 numere
1568 508 1676 568 dones

506 573 623 633 Dixit
652 567 711 627 &amp;
721 565 760 625 in
790 564 859 624 noc
888 564 946 624 tis
986 567 1182 627 tembras
1221 572 1388 632 discessit
1418 573 1584 633 imago.

515 633 662 693 samque
688 629 767 689 dies
810 627 958 687 oriens
1018 629 1097 689 noc
1114 633 1280 693 turnas
1314 641 1470 701 discatit
1505 652 1696 712 vmbras¬

510 709 561 769 Et
603 698 729 758 vario
764 693 933 753 fulgens
984 694 1085 754 auro
1119 698 1263 758 strepit
1305 705 1398 765 auta
1440 713 1669 773 tumultu¬

512 771 670 831 Collecti
691 762 850 822 proceres
886 761 1052 821 cupiunt
1103 766 1153 826 quis
1182 770 1334 830 sumat
1376 775 1543 835 honorem

515 841 660 901 Disere
723 830 816 890 quis
859 827 993 887 capiat
1036 829 1326 889 Splendentia
1367 840 1523 900 iumera
1566 852 1721 912 vistor.

511 899 718 959 Irerediter
742 890 883 950 tandem
941 888 1140 948 famulum
1181 894 1396 954 comitante
1421 904 1579 964 caterua

517 959 720 1019 Putisrar,
728 954 763 1014 &at
796 951 873 1011 solio
907 949 1033 1009 sumnis
1059 950 1228 1010 consedit
1271 960 1456 1020 ebuem,

512 1026 789 1086 Spectatusque
808 1018 866 1078 din
904 1017 1047 1077 tandem
1105 1018 1144 1078 sic
1172 1020 1239 1080 ora
1277 1026 1458 1086 resoluit.

514 1097 623 1157 Num
685 1088 772 1148 pror
803 1084 974 1144 attentis
1022 1084 1201 1144 animis
1247 1087 1334 1147 mea
1388 1093 1513 1153 discite
1537 1099 1655 1159 xba¬

520 1155 681 1215 Aepepti
712 1145 923 1205 proceres,
953 1144 1104 1204 quibus
1144 1147 1245 1207 nunc
1286 1149 1335 1209 pet
1366 1151 1446 1211 tora
1477 1155 1649 1215 surenntr

514 1224 607 1284 Dum
666 1217 731 1277 mo
775 1212 969 1272 defuncti
999 1210 1165 1270 famili
1216 1211 1296 1271 sibi
1324 1213 1506 1273 mumera
1549 1219 1686 1279 pescunt

508 1284 588 1344 Ast
627 1278 688 1338 me
727 1273 806 1333 dum
867 1271 979 1331 turas
1026 1271 1192 1331 varias
1232 1273 1311 1333 huc
1357 1278 1523 1338 diuidat
1617 1285 1702 1345 illus

532 1337 742 1397 Immibus
779 1330 962 1390 explicuit
1018 1331 1192 1391 vemiens
1247 1338 1365 1398 mihi
1403 1344 1549 1404 noctis
1586 1352 1732 1412 imaa¬

522 1411 697 1471 Quare
735 1401 817 1461 rogo
846 1396 984 1456 dinum
1039 1395 1215 1455 coelesti
1252 1400 1401 1460 redite
1437 1408 1594 1468 menti

510 1478 714 1538 Unnera
762 1468 857 1528 nam
919 1464 1038 1524 vobis
1092 1463 1265 1523 coelestia
1305 1467 1494 1527 munina
1542 1476 1675 1536 tollunt

508 1551 601 1611 ter
631 1542 714 1602 vbi
734 1537 797 1597 dic
827 1532 869 1592 ta
910 1528 1035 1588 dedit
1086 1526 1304 1586 famulum
1354 1534 1582 1594 compellat
1613 1548 1728 1608 pesesti¬

523 1610 604 1670 quer
631 1606 686 1666 hur
712 1602 803 1662 prijs
848 1598 893 1658 ad
928 1597 1001 1657 nos
1046 1595 1281 1655 deductus
1316 1597 1370 1657 ab
1398 1600 1497 1660 oris

513 1674 706 1734 Linque
741 1664 884 1724 metus
926 1661 1111 1721 trepides
1163 1663 1331 1723 foelix,
1348 1667 1433 1727 mea
1474 1676 1618 1736 concipe
1636 1684 1736 1744 xta¬

517 1741 649 1801 Namd
670 1733 744 1793 libi
765 1729 832 1789 noc
862 1725 986 1785 tarno
1036 1725 1219 1785 padoctus
1264 1730 1454 1790 mumine
1490 1739 1666 1799 muimis

511 1809 695 1869 Defero,
722 1797 805 1857 teqi
833 1791 933 1851 deus
980 1787 1108 1847 tanto
1155 1788 1329 1848 dignate
1366 1797 1568 1857 honore,

524 1881 567 1941 Iu
618 1873 684 1933 mo
727 1866 800 1926 fac
843 1860 922 1920 fidi
959 1856 1133 1916 famuli
1162 1855 1198 1915 te
1234 1857 1423 1917 nunere
1459 1865 1648 1925 functum

517 1938 781 1998 conspicium
851 1926 992 1986 letus,
1007 1924 1061 1984 ne
1093 1924 1178 1984 spes
1225 1924 1295 1984 ini
1326 1926 1450 1986 redat
1498 1931 1676 1991 inanis.

513 2012 635 2072 Dixit
670 2002 720 2062 &amp;
748 1994 956 2054 attenitum
1028 1988 1221 2048 manibus
1242 1991 1471 2051 contractat
1507 2000 1664 2060 anicis

517 2071 652 2131 Imgat
697 2065 742 2125 et
777 2062 840 2122 ves
867 2060 921 2120 tes
957 2058 1056 2118 quii
1084 2058 1191 2118 quas
1227 2059 1380 2119 induct
1435 2063 1525 2123 ille¬

509 2131 709 2191 Mirante
754 2125 891 2185 greres
927 2123 1182 2183 inuenem,
1209 2125 1354 2185 quisque
1382 2129 1509 2189 huius
1545 2136 1654 2196 origo

979 2162 1008 2222 in
509 2201 679 2261 Dissere
726 2192 924 2252 preripiunt
1000 2190 1037 2250 quo
1047 2190 1123 2250 hoc
1161 2190 1208 2250 sit
1245 2193 1444 2253 dignatus
1464 2200 1644 2260 honore.
