2000 2581
344 178 438 238 Inqus
472 182 583 242 domos
616 183 719 243 altas
753 183 948 243 penetrat
992 180 1059 240 cum
1119 178 1280 238 famine
1315 178 1477 238 fama,

353 250 547 310 Deplorata
602 250 729 310 inent
790 250 950 310 iucta
998 250 1031 310 et
1071 251 1152 311 spec
1192 251 1360 311 comidit
1393 251 1507 311 ann,

380 322 573 382 Aguirolae
603 318 735 378 iniseri
765 319 888 379 duras
928 321 980 381 ad
1020 322 1152 382 imbila
1192 319 1355 379 palmas

368 391 570 451 cendunt
605 388 632 448 et
682 388 814 448 vastos
848 388 1016 448 plorant
1057 389 1134 449 sine
1176 390 1315 450 iutuum
1378 388 1552 448 campos.

320 462 515 522 tratribus
550 457 580 517 et
616 457 702 517 talis
745 457 824 517 raero
861 457 918 517 sub
962 458 1113 518 pectore
1157 455 1279 515 fama

362 533 528 593 Restuat
563 526 593 586 et
628 521 787 581 furgunt
845 519 1148 579 irvitamenta
1192 527 1314 587 maloe

372 602 412 662 se
451 597 609 657 mntrita
650 592 705 652 din
752 589 879 649 tacito
927 589 990 649 sub
1031 593 1181 653 pectore
1229 602 1379 662 tandem

369 668 554 728 Epiliens
598 663 768 723 patulas
828 662 902 722 sese
946 662 1110 722 diffudit
1162 665 1191 725 in
1228 673 1391 733 auras.

382 742 521 802 Restque
541 736 682 796 etemm
752 734 792 794 ad
831 735 1001 795 fratres
1041 740 1241 800 passentes
1281 750 1401 810 venit
1421 759 1540 819 Josepti

368 810 546 870 Expenit
597 805 749 865 simplex
791 805 935 865 obsture
987 811 1156 871 somma
1207 817 1376 877 noctis¬

312 878 529 938 Qualia,
537 875 623 935 proh
653 874 808 934 fratres
847 875 1009 935 (inqui)
1033 880 1281 940 spertacula
1320 887 1428 947 vidi¬

377 945 460 1005 Nos
502 941 634 1001 etenim
696 940 723 1000 in
772 940 932 1000 campis
966 946 1293 1006 omnebreligare
1327 956 1507 1016 maniuos

378 1007 530 1067 cerno,
544 1004 587 1064 sed
623 1002 789 1062 erectus
832 1003 984 1063 rampo
1021 1008 1157 1068 mens
1201 1016 1323 1076 astitit
1360 1023 1475 1083 almo

383 1075 463 1135 Atg
526 1072 543 1132 5
587 1071 749 1131 Anteqi
784 1071 837 1131 sic
874 1073 1060 1133 stantem
1122 1080 1203 1140 vnt
1238 1087 1408 1147 recidere
1435 1101 1622 1161 manipli

384 1144 569 1204 Dininog
617 1140 738 1200 meas
786 1139 907 1199 fastes
947 1141 1205 1201 venerante
1245 1149 1406 1209 henore

340 1220 483 1280 ostera
526 1214 612 1274 mox
656 1211 791 1271 alium
856 1208 963 1268 pepit
1014 1209 1237 1269 Latoria
1294 1216 1423 1276 Commm

383 1282 533 1342 Quem
600 1275 708 1335 patri
743 1274 776 1334 et
809 1274 951 1334 natis
993 1276 1185 1336 inuenis
1227 1281 1268 1341 sic
1311 1287 1478 1347 nareat
1511 1299 1644 1359 Poseph.

366 1352 495 1412 Audi
535 1345 654 1405 queso
694 1342 744 1402 pr
783 1343 1042 1403 tenebrosae
1082 1352 1261 1412 sorunia
1310 1364 1380 1424 noc
1411 1373 1479 1433 tis¬

410 1427 431 1487 A
514 1416 575 1476 mi
617 1410 668 1470 quid
710 1408 885 1468 tandem
958 1417 1205 1477 volitantia
1248 1433 1412 1493 somia
1453 1449 1670 1509 portant)

369 1491 464 1551 dum
529 1482 672 1542 recubo
710 1479 833 1539 lenta
891 1483 1109 1543 domitus
1157 1493 1252 1553 mea
1299 1508 1498 1568 membra
1536 1527 1622 1587 qere

368 1555 527 1615 Abrigi
559 1549 623 1609 ego
663 1548 830 1608 videor
870 1552 1061 1612 conuexi
1102 1559 1149 1619 ad
1198 1572 1405 1632 intruma
1445 1591 1580 1651 roeli¬

382 1616 664 1676 Arceleratus
693 1614 766 1674 sito
812 1618 990 1678 fratras
1034 1628 1123 1688 num
1182 1642 1330 1702 spdere
1374 1659 1508 1719 Luna

387 1687 533 1747 Quos
571 1684 708 1744 siunit
756 1687 961 1747 vndere
999 1701 1253 1761 quistelle
1292 1723 1477 1783 quitate
1506 1743 1642 1803 euntes

356 1762 408 1822 et
459 1755 607 1815 faciem
677 1753 877 1813 nam,
903 1760 1008 1820 dini
1051 1767 1111 1827 ren
1164 1781 1338 1841 mumen
1390 1805 1598 1865 adorant

277 1840 352 1900 Vix
386 1831 430 1891 ea
474 1824 750 1884 fimerat,
767 1824 873 1884 sqeuo
918 1827 989 1887 rum
1052 1841 1308 1901 nuriure
1343 1870 1512 1930 fratres

372 1889 605 1949 hurgunt,
631 1887 697 1947 ats
748 1889 917 1949 minas
970 1902 1164 1962 volunnt
1215 1919 1294 1979 sub
1320 1950 1644 2010 pertorediret

384 1960 523 2020 Varia
561 1954 663 2014 quid
715 1955 918 2015 insipienis
957 1967 1084 2027 nobis
1134 1991 1428 2051 stuctacula
1478 2024 1643 2084 cantes

358 2025 621 2085 tratribus
684 2025 711 2085 in
738 2027 883 2087 sanns
929 2038 1119 2098 fallacia
1182 2059 1372 2119 sommia
1435 2086 1652 2146 iactantu

382 2093 477 2153 Num
533 2091 605 2151 libi
644 2093 819 2153 sublimi
867 2102 1003 2162 tanta
1050 2111 1121 2171 est
1178 2123 1353 2183 fidutia
1408 2137 1583 2197 mentis

370 2167 424 2227 dt
478 2165 729 2225 venerari
783 2169 899 2229 velis
940 2175 1000 2235 mu
1075 2182 1130 2242 tos
1164 2188 1245 2248 tua
1292 2200 1489 2260 mamina
1530 2213 1612 2273 fuo
