2000 2581
510 195 572 255 Sit
603 193 689 253 tibi,
705 191 768 251 non
806 189 940 249 magis
970 188 1041 248 hac
1088 187 1142 247 res
1182 186 1299 246 placet
1338 184 1417 244 vlla
1463 182 1549 242 Deo.

459 275 572 335 Sitqu
596 268 685 328 fides
725 259 950 319 constans,
966 257 1095 317 comes
1119 256 1176 316 &amp;
1200 256 1240 316 sit
1271 257 1489 317 splendida
1521 259 1634 319 virtus

527 335 625 395 Qne
667 329 691 389 te
741 324 937 384 Coelicolis
977 323 1093 383 efficit
1133 321 1199 381 esse
1223 318 1379 378 parem.

469 412 554 472 Attu
592 404 654 464 hei
685 396 824 456 caueas
862 387 1064 447 Comones)
1086 385 1171 445 fora
1217 385 1357 445 pectora
1396 389 1526 449 fratris

508 475 594 535 Hei
628 465 757 525 nimis
809 458 835 518 in
879 455 973 515 eedes
1016 454 1155 514 dextra
1197 458 1345 518 parata
1387 465 1439 525 sua
1483 471 1534 531 est

467 553 519 613 Se
552 542 681 602 Deus,
702 532 863 592 vnspo,
895 525 1012 585 serne
1045 523 1109 583 tua
1152 524 1249 584 vota
1280 531 1462 591 inuatit,

509 613 640 673 Patris
676 604 781 664 anigs
815 600 860 660 ein
903 596 974 656 qui
1009 594 1106 654 Denis
1149 594 1237 654 vsque
1264 595 1343 655 fuit

469 685 583 745 Hunc
619 676 677 736 tibi
712 670 842 730 denota
885 667 1051 727 statuas
1094 667 1159 727 cum
1216 671 1339 731 mente
1374 680 1591 740 rolendum,

514 756 558 816 is
585 749 648 809 tibi
683 741 862 801 successum
924 739 1182 799 consiliumque
1210 741 1307 801 dabit

470 827 544 887 Hta
595 818 661 878 qua
706 813 757 873 ren
801 808 948 868 prasens
992 807 1095 867 terum
1154 809 1213 869 ma
1257 813 1360 873 corda
1397 821 1529 881 loquela

514 891 701 951 Solarer,
718 879 821 939 misi
854 877 982 937 scripta
1025 878 1178 938 legenda
1230 884 1323 944 tibi¬

474 965 594 1025 Nate
623 956 706 1016 vale
758 950 872 1010 dulcis
931 947 1082 1007 foelicia
1119 949 1239 1009 tempa
1276 955 1366 1015 vitae

536 1029 716 1089 Vinito,
743 1021 789 1081 sit
824 1019 968 1079 reditus
1004 1020 1022 1080 o
1059 1022 1194 1082 brenis
1212 1027 1302 1087 hora
1338 1031 1410 1091 tui.
