2000 2581
660 147 949 207 DAVIVI.

339 206 491 266 Pasrens
538 204 709 264 virginea
757 202 890 262 fallere
938 201 1023 261 vore
1051 203 1174 263 diem.

273 281 430 341 Quam
473 279 517 339 mo
561 278 736 338 purpureo
771 278 981 338 splendens
1016 279 1087 339 mea
1121 280 1270 340 corpara
1313 283 1445 343 amistu

336 350 373 410 In
411 348 571 408 magis
609 348 731 408 opibus
788 350 929 410 magna
976 352 1089 412 picla
1126 354 1230 414 pati.

285 419 458 479 Simpleg
503 417 712 477 rusticitas
757 423 893 483 nostro
938 427 1029 487 pars
1065 431 1192 491 optima
1237 432 1318 492 vitae

343 492 437 552 Non
471 487 573 547 expta
608 486 753 546 mali,
796 491 950 551 fraude
984 498 1112 558 doloue
1147 503 1310 563 rarens.

284 560 389 620 Auta
428 559 571 619 donnis
610 560 735 620 luctus
783 565 909 625 nostrae
937 571 1023 631 pars
1052 578 1196 638 pessina
1236 587 1360 647 vitae,

341 632 438 692 Non
470 632 608 692 experta
647 634 696 694 vom
761 639 898 699 frande
931 646 1043 706 dolone
1083 651 1213 711 valens

1225 703 1255 763 5.
284 703 366 763 Hei
388 702 478 762 mihi
501 702 576 762 quos
621 704 704 764 vidi
741 708 808 768 quos
846 713 921 773 sensi
943 720 1041 780 corde
1070 729 1190 789 doloras

703 748 863 808 rediae
341 777 443 837 Non
494 778 536 838 tot
578 780 680 840 habet
721 787 849 847 potas
899 796 1018 856 sydera
1060 806 1187 866 pulesra
1221 818 1332 878 polus.

291 852 454 912 Smina
490 850 663 910 nemetta
699 856 790 916 meis
845 867 1026 927 thalanns
1071 878 1117 938 qo
1144 885 1262 945 prima
1289 891 1388 951 faere

344 921 552 981 Sanminea
606 926 845 986 Ciniseram)
868 937 984 997 facta
1022 945 1122 1005 fuere
1153 952 1307 1012 manu.

294 998 476 1058 Htostibus
516 999 669 1059 obicriter
689 1003 792 1063 nobis
822 1010 1024 1070 promissus
1056 1019 1197 1079 amnator

328 1068 542 1128 Diuitiasq
610 1074 705 1134 meae
739 1080 834 1140 dotis
868 1086 903 1146 ab
936 1093 1048 1153 hoste
1082 1099 1202 1159 petit¬

296 1146 365 1206 Sed
400 1143 487 1203 bene
522 1145 680 1205 successit
724 1155 872 1215 victor
907 1167 978 1227 eum
1021 1178 1126 1238 lande
1161 1190 1309 1250 reuersus

346 1214 410 1274 Ne
452 1214 566 1274 tanti
602 1219 730 1279 meriti
766 1229 901 1289 munus
951 1240 1015 1300 hc
1058 1248 1164 1308 cupis

289 1284 380 1344 Dat
416 1284 461 1344 pr
507 1288 660 1348 imuitus
741 1298 796 1358 sed
832 1305 905 1365 cum
968 1314 1004 1374 se
1031 1324 1203 1384 opponere
1230 1338 1356 1398 pactis

334 1357 424 1417 Non
468 1358 647 1418 queat,
664 1364 762 1424 inde
799 1372 861 1432 tug
906 1382 1004 1442 5pem
1067 1395 1155 1455 mis
1210 1406 1281 1466 ipse
1317 1417 1433 1477 capit.

285 1444 371 1504 Hei
401 1432 536 1492 quoties
583 1431 613 1491 in
661 1434 699 1494 te
739 1444 902 1504 rendelis
951 1461 1086 1521 lamea
1134 1474 1231 1534 missa

352 1514 427 1574 tti
460 1506 577 1566 quoties
632 1508 739 1568 sorero
782 1518 889 1578 vita
932 1531 1040 1591 petita
1082 1542 1146 1602 tua
1179 1547 1222 1607 sl

282 1587 416 1647 Qein
461 1584 488 1644 et
551 1585 667 1645 frater
721 1591 865 1651 Ctanta
909 1600 972 1660 est
1016 1612 1169 1672 vesania
1204 1628 1330 1688 mentis

354 1656 426 1716 dix
481 1655 617 1715 poterat
680 1662 798 1722 patris
852 1673 971 1733 saluns
1016 1685 1125 1745 abire
1152 1699 1306 1759 manu.

294 1739 362 1799 Als
379 1735 506 1795 quoties
548 1736 667 1796 noctis
692 1742 905 1802 menim,
913 1752 990 1812 cum
1050 1765 1202 1825 auerere
1244 1779 1338 1839 missa

354 1812 497 1872 Assidet
542 1811 587 1871 ad
626 1815 738 1875 limen
791 1828 972 1888 bartara
1017 1842 1130 1902 turba
1168 1850 1303 1910 tnum.

266 1887 372 1947 Cum
414 1885 489 1945 tibi
542 1889 734 1949 faemiret
799 1905 958 1965 delapso
1000 1921 1129 1981 robore
1160 1932 1299 1992 deptru

330 1965 540 2025 Exhibuit
602 1971 777 2031 patulam
848 1985 961 2045 suma
1023 2000 1198 2060 ferestra
1234 2011 1356 2071 viam.

274 2041 474 2101 Quanta
530 2045 603 2105 tuli
639 2051 786 2111 infaelix
831 2065 1051 2125 furibundi
1087 2076 1206 2136 impia
1252 2082 1370 2142 patris

328 2114 527 2174 Plaphum
593 2120 735 2180 vorsus
785 2128 860 2188 eum
917 2137 1034 2197 vider
1092 2145 1166 2205 esse
1208 2149 1299 2209 sibi¬
