2000 2581
831 141 845 201 B
890 142 948 202 LX
985 144 1037 204 H.
1051 145 1103 205 SR
1147 142 1242 202 BA.

515 204 573 264 Et
606 203 674 263 tua
707 202 758 262 eur
791 203 892 263 molli
925 204 1068 264 membra
1109 202 1210 262 quiete
1243 198 1353 258 iarent

437 276 500 336 Da
538 276 666 336 veniam
712 277 877 337 niserae,
895 277 960 337 non
987 278 1052 338 tum
1107 278 1281 338 centigere
1309 275 1455 335 etordas

534 350 677 410 Tempus
708 349 843 409 erat,
873 350 1009 410 tempris
1046 349 1115 409 tela
1159 348 1303 408 vibrare
1340 346 1408 406 fiut

458 420 556 480 Dcia
598 420 672 480 quin
704 421 894 481 linquis,
927 421 1050 481 mollem
1099 421 1190 481 dant
1239 422 1314 482 ocia
1354 423 1527 483 mentem.

521 496 665 556 Cosui
691 493 880 553 Eneruant
926 493 1037 553 duras
1077 494 1149 554 ocia
1188 495 1280 555 lenta
1325 495 1489 555 manus.

472 633 573 693 Ocia
610 629 674 689 dum
730 627 877 687 tractat
924 630 1164 690 Spectandus
1209 638 1330 698 robore
1366 649 1541 709 Samson,

529 696 752 756 Letifero,
769 698 984 758 miserum,
1022 704 1162 764 captus
1207 709 1324 769 amore
1362 715 1455 775 pit¬

489 768 634 828 Sidisti
665 769 890 829 miseram,
922 774 1099 834 proprias
1131 780 1187 840 me
1227 785 1364 845 acersis
1396 792 1419 852 in
1451 796 1572 856 ades.

526 840 689 900 Aduenio
754 842 861 902 regis
917 848 1010 908 iussa
1054 853 1182 913 tenere
1224 855 1317 915 decet

466 911 595 971 Qatis
631 912 686 972 me
723 914 943 974 pollicitis,
972 919 1044 979 quo
1081 923 1146 983 ie
1182 930 1375 990 quaesuaseris
1412 940 1494 1000 asta

528 983 669 1043 Quod
716 983 838 1043 fuerit
896 989 1065 1049 studium
1131 1004 1394 1064 consiliumque
1413 1014 1498 1074 trum

466 1048 592 1108 Dicere
617 1048 680 1108 nil
720 1052 886 1112 refert,
910 1058 989 1118 quid
1029 1064 1076 1124 in.
1101 1068 1164 1128 tibi
1196 1075 1330 1135 rognita
1363 1083 1513 1143 dicam.

529 1114 672 1174 Insidijs
690 1118 803 1178 ceridi
842 1127 964 1187 Stulta
1012 1137 1125 1197 puella
1172 1140 1276 1200 tuis.

473 1184 532 1244 Er
573 1185 693 1245 pudor
734 1193 924 1253 obstabat
963 1201 973 1261 a
1044 1209 1144 1269 casti
1173 1218 1334 1278 faedera
1373 1226 1464 1286 lecti

528 1261 591 1321 Sed
639 1262 726 1322 regis
774 1267 893 1327 pribus
948 1277 1083 1337 castus
1124 1286 1258 1346 abiuit
1298 1292 1417 1352 amor.

465 1340 547 1400 Hei
574 1338 665 1398 mihi
701 1338 774 1398 quid
828 1341 892 1401 feri
946 1346 1019 1406 quo
1046 1351 1119 1411 tum
1183 1358 1246 1418 pia
1283 1363 1364 1423 cura
1410 1369 1546 1429 mariti

550 1414 710 1474 Cesserat
742 1417 799 1477 &amp;
822 1420 910 1480 lecti
943 1423 1023 1483 iura
1071 1430 1231 1490 tenenda
1287 1437 1359 1497 mei

484 1491 725 1551 Planditiis
771 1491 937 1551 superata
975 1497 1049 1557 tuis
1095 1504 1197 1564 male
1225 1511 1318 1571 sona
1363 1521 1512 1581 pudorem

839 1538 879 1598 na
904 1541 930 1601 te
530 1569 683 1629 Abiirio
754 1567 926 1627 Vthala
1037 1577 1199 1637 vinuta
1249 1588 1350 1648 solua
1391 1601 1512 1661 thori.

472 1642 602 1702 Qutn
642 1641 740 1701 etiam
797 1643 951 1703 incalui
991 1652 1155 1712 nimium
1211 1664 1309 1724 mihi
1341 1676 1463 1736 stalta
1504 1692 1674 1752 placebam

534 1717 674 1777 Quod
720 1717 794 1777 mea
850 1719 916 1779 tum
981 1725 1054 1785 regi
1083 1732 1203 1792 forma
1259 1746 1418 1806 probata
1465 1760 1567 1820 foret

473 1796 527 1856 Sq
561 1793 725 1853 oblestat
769 1793 857 1853 quod
912 1797 1021 1857 suma
1066 1806 1197 1866 picula
1241 1816 1350 1876 ferre

535 1869 662 1929 Assolet
701 1870 733 1930 et
772 1871 892 1931 turpis
932 1873 1075 1933 damna
1114 1880 1273 1940 pudoris
1320 1896 1463 1956 habet.

464 1946 538 2006 die
563 1944 719 2004 Deniat
760 1945 858 2005 quid
908 1950 1130 2010 referam)
1147 1958 1228 2018 cum
1270 1965 1369 2025 lecto
1417 1976 1582 2036 membra
1623 1990 1763 2050 lenarem

665 1994 773 2054 snal
528 2024 609 2084 Hei
637 2023 710 2083 nih
783 2023 865 2083 plus
920 2027 1057 2087 solitum
1120 2036 1266 2096 corpora
1321 2047 1485 2107 pendus
1522 2055 1640 2115 lent.

461 2102 561 2162 Nec
598 2100 689 2160 quid
726 2099 808 2159 erat
864 2103 1056 2163 scibam,
1074 2110 1220 2170 quonia
1266 2116 1330 2176 his
1367 2120 1468 2180 nona
1513 2125 1632 2185 miles
1659 2127 1687 2187 in
1723 2128 1833 2188 armis
