2000 2581
701 150 1025 210 taceto.

359 209 462 269 Cum
515 206 651 266 peteres
690 203 839 263 tantum
890 201 955 261 non
1000 199 1208 259 comitatus
1240 200 1318 260 it.

327 280 400 340 Vix
434 273 573 333 tantum
614 269 747 329 luctus
787 270 1051 330 maestissima
1100 273 1207 333 potulit
1249 276 1322 336 Eua

369 340 450 400 Ddum
501 332 607 392 vidit
644 330 738 390 nati
770 331 901 391 funera
938 335 1032 395 muda
1069 336 1126 396 sui

314 403 520 463 Quantum
568 394 618 454 exo
657 394 755 454 tumc
795 395 873 455 fili
902 397 941 457 te
971 404 1187 464 discedente
1216 413 1374 473 ferebam

374 466 509 526 Olo
550 461 610 521 per
643 460 862 520 lacheymas
904 462 989 522 vsque
1022 467 1207 527 gemenda
1257 479 1383 539 meas.

340 536 414 596 dam
472 528 545 588 quid
587 524 653 584 tum
735 524 949 584 facerem,
973 528 1048 588 cum
1097 534 1163 594 qui
1188 541 1336 601 solando
1360 554 1492 614 inuare

502 564 603 624 posset
639 561 733 621 rarto
769 561 798 621 te
827 561 928 621 misri
964 567 1087 627 nullus
1123 579 1202 639 eeat
391 606 463 666 Me
491 596 620 656 putaris
684 587 983 647 Apudesida

312 668 365 728 Et
403 662 464 722 quo
502 655 677 715 debueram
730 652 821 712 nato
859 654 1027 714 sperare
1080 666 1284 726 salutam,

718 681 725 741 7
411 697 439 757 in
471 692 588 752 tuctus
620 687 695 747 isset
380 730 387 790 I
452 727 487 787 fu
803 721 983 781 magima
1033 727 1141 787 causa
1184 734 1328 794 meos.

331 809 407 869 Hei
436 803 532 863 mihi
560 799 637 859 quis
675 795 770 855 dolor
799 794 904 854 est,
922 794 990 854 cum
1037 795 1066 855 te
1095 797 1153 857 pie
1181 803 1276 863 nate
1305 813 1447 873 recordor

374 875 427 935 Et
461 867 557 927 lucem
609 863 653 923 quae
662 862 696 922 te
723 861 897 921 sustulit
933 862 1020 922 atra
1064 865 1185 925 mihi.

343 945 383 1005 Vt
422 939 526 999 terum
582 934 718 994 propssa
765 933 884 993 feras
940 937 1187 997 maestissima
1235 947 1330 1007 valen

364 1009 557 1069 Singulte
602 1003 713 1063 reptos
768 1003 1015 1063 impediente
1053 1010 1180 1070 sonos.

329 1075 412 1135 rum
474 1069 596 1129 prepta
649 1067 818 1127 darem,
833 1068 848 1128 q
886 1070 963 1130 uam
1017 1074 1047 1134 ti
1077 1078 1230 1138 tramite
1269 1088 1345 1148 vita

365 1144 602 1204 Deducenda
649 1139 791 1199 foret,
823 1138 942 1198 quone
981 1140 1123 1200 tuenda
1170 1145 1289 1205 modo¬

316 1218 385 1278 Als
408 1210 540 1270 quoties
586 1205 733 1265 fueram
780 1204 818 1264 quae
833 1205 949 1265 sapius
988 1208 1081 1268 ante
1111 1214 1228 1274 lanta

370 1277 559 1337 Reppeto,
577 1273 646 1333 quo
671 1272 765 1332 pbis
809 1272 852 1332 sit
886 1272 989 1332 mora
1024 1277 1127 1337 lonua
1162 1284 1283 1344 meis.

1183 1332 1274 1392 timor
312 1354 403 1414 Hei
422 1344 524 1404 mihi
551 1339 597 1399 que
606 1336 735 1396 linqua
781 1336 846 1396 nim
901 1341 1103 1401 titubante
1140 1356 1333 1416 dequete

370 1415 512 1475 Dicere
543 1409 606 1469 vix
661 1407 772 1467 potui
811 1410 960 1470 tristia
992 1415 1063 1475 xoba
1110 1422 1205 1482 Vale

333 1478 418 1538 Cum
476 1471 586 1531 faciem
628 1471 688 1531 xo
713 1472 781 1532 non
822 1478 983 1538 possem,
1000 1485 1101 1545 terga
1134 1494 1303 1554 videbam

356 1543 461 1603 Atque
471 1536 576 1596 oratis
621 1535 717 1595 pesus
762 1538 832 1598 sum
885 1549 1070 1609 comitata
1115 1559 1229 1619 tuas.

319 1610 490 1670 Amplius
522 1606 563 1666 vt
595 1606 645 1666 xo
677 1606 742 1666 non
783 1609 888 1669 posses
921 1615 1068 1675 limine
1093 1622 1174 1682 rerm

364 1688 440 1748 Hei
457 1679 560 1739 mihsi
576 1674 721 1734 distessit
764 1676 875 1736 mens
908 1679 985 1739 mea
1036 1687 1172 1747 maesta
1212 1693 1377 1753 procul.

317 1760 393 1820 Tum
447 1748 614 1808 temebris
652 1746 736 1806 ortis
781 1747 911 1807 defeci
941 1754 1102 1814 lumine
1147 1761 1216 1821 toto

362 1828 410 1888 Et
449 1820 505 1880 vix
545 1816 601 1876 me
640 1815 808 1875 famulae
847 1819 903 1879 sus
927 1825 1086 1885 tinnere
1126 1834 1237 1894 duae.

321 1901 411 1961 Nque
431 1892 564 1952 domano
604 1888 696 1948 redij
726 1888 878 1948 varium
929 1894 980 1954 cen
1011 1899 1133 1959 rerua
1163 1906 1234 1966 sub
1254 1914 1406 1974 antrum

377 1979 454 2039 Qui
479 1966 598 2026 rapuuit
667 1962 768 2022 foctus
811 1967 922 2027 torna
964 1974 1084 2034 legna
1135 1978 1212 2038 suos

335 2048 410 2108 Tum
476 2033 608 2093 demum
665 2032 824 2092 surgunt
872 2041 1059 2101 luctus,
1079 2050 1135 2110 pia
1163 2058 1305 2118 cura,
1324 2065 1464 2125 dolores

358 2112 428 2172 Et
473 2104 569 2164 facit
614 2104 658 2164 vt
693 2105 825 2165 recolam
888 2114 1055 2174 pristina
1099 2125 1231 2185 multa
1267 2130 1381 2190 locus.
