2000 2581
573 143 635 203 Si
656 138 758 198 forte
779 135 923 195 optatum
965 133 1089 193 possint
1130 134 1275 194 contino
1296 135 1348 195 ere
1368 136 1471 196 literus

633 204 698 264 Et
739 203 903 263 sanctum
960 203 1066 263 terris
1108 203 1279 263 exposuisse
1312 206 1467 266 virum.

567 280 728 340 Qonant
780 273 932 333 frustra
992 270 1077 330 Dni
1094 269 1162 329 nam
1212 270 1289 330 fata
1323 272 1485 332 morante

634 348 719 408 Hic
754 339 865 399 etenin
908 335 1037 395 manis
1080 335 1140 395 iam
1192 336 1363 396 meditate
1397 340 1509 400 opis¬

571 415 740 475 Abripit
780 406 929 466 inuersam
990 403 1129 463 fluctus
1159 404 1308 464 vertitus
1328 407 1468 467 carimam

633 485 699 545 Et
739 478 864 538 laceris
897 473 1003 533 velis
1042 471 1168 531 abripit
1200 472 1306 532 vnda
1339 474 1491 534 ratem.

590 559 678 619 Cun
716 552 782 612 pia
811 548 871 608 iam
915 544 1034 604 nautis
1078 544 1420 604 lactrymantibus
1457 548 1508 608 ora
1556 559 1748 619 rigante.

675 626 765 686 Sie
796 618 947 678 rigidos
987 615 1078 675 quis
1118 616 1209 676 fata
1249 618 1380 678 supena
1419 622 1560 682 monent

568 704 774 764 Accedens
808 693 938 753 tandem
1003 688 1222 748 ierdendum
1277 689 1331 749 rer
1353 692 1407 752 tor
1451 697 1560 757 Jonam

637 769 840 829 Alloqnite
865 759 1017 819 tristem
1068 760 1245 820 Justior
1283 765 1372 825 ipse
1396 768 1561 828 virum.

585 852 694 912 ulla
724 843 823 903 salus
862 836 1042 896 miseris,
1061 833 1131 893 qui
1170 834 1240 894 pia
1270 836 1428 896 mumua
1469 841 1637 901 puognant
225 867 413 927 Namberas
232 924 261 984 ad
284 921 357 981 sonam

642 926 792 986 Contra
839 915 885 975 que
904 912 1007 972 nobis
1045 910 1138 970 bella
1175 910 1335 970 monere
1362 912 1512 972 nefas.

617 1006 732 1066 rede,
750 995 811 1055 tua
838 987 962 1047 inniti
988 983 1049 1043 &amp;
1066 983 1208 1043 tristes
1261 987 1455 1047 mandata
1490 992 1657 1052 subimus

640 1069 795 1129 Iunites
836 1059 935 1119 cogit
993 1055 1067 1115 sors
1115 1054 1272 1114 iimica
1321 1057 1486 1117 tamen.

578 1146 741 1206 Nempe
760 1133 857 1193 tuam
905 1124 1040 1184 tristes
1078 1122 1222 1182 cipimus
1281 1123 1444 1183 seruasse
1473 1127 1598 1187 salutem

634 1218 684 1278 Se
734 1207 813 1267 quod
856 1200 921 1260 nos
965 1195 1137 1255 cupimus
1180 1195 1317 1255 ventur
1361 1201 1526 1261 evnda
1562 1210 1662 1270 negat

570 1287 693 1347 Aue
796 1272 879 1332 ipse
910 1267 1002 1327 iubes
1054 1264 1240 1324 facieruns
1281 1267 1424 1327 pertore
1456 1277 1569 1337 tristi

635 1343 973 1403 Qnandoqdem
1048 1337 1198 1397 tristes
1244 1341 1291 1401 sic
1328 1346 1442 1406 inbet
1479 1354 1563 1414 ipse
1591 1362 1750 1422 Ders.

586 1428 684 1488 Non
724 1420 812 1480 aliis
851 1415 998 1475 siiles
1038 1414 1146 1474 debes
1185 1414 1254 1474 nos
1284 1418 1401 1478 ducere
1431 1422 1500 1482 vut
1530 1428 1647 1488 nantis

644 1491 856 1551 Nantius
896 1486 909 1546 a
942 1485 1049 1545 nobis
1101 1485 1221 1545 terior
1260 1489 1439 1549 ehorior
1473 1495 1572 1555 abest

570 1574 710 1634 Dixit
745 1567 788 1627 &amp
815 1563 919 1623 illius
955 1562 1007 1622 dic
1051 1562 1104 1622 tis
1139 1563 1314 1623 consentit
1375 1566 1480 1626 Sonas

629 1639 698 1699 Ee
746 1632 844 1692 praebet
894 1629 1030 1689 qerias
1070 1629 1099 1689 in
1138 1631 1197 1691 sua
1245 1634 1324 1694 tata
1363 1641 1539 1701 manus.

1132 1668 1253 1728 nantit
1595 1696 1704 1756 tantae
575 1717 670 1777 Ne
705 1707 835 1767 tamen
871 1702 930 1762 ins
966 1701 1037 1761 Rey
1085 1701 1096 1761 C
1131 1702 1238 1762 tta
1321 1712 1546 1772 renerentia
1595 1730 1748 1790 mc

633 1783 815 1843 tratus,
831 1776 978 1836 poenas
1021 1774 1064 1834 qe
1081 1775 1288 1835 impetate
1323 1782 1469 1842 petat.

578 1858 812 1918 Saccificant
853 1852 975 1912 landes
1017 1852 1098 1912 dno
1149 1853 1343 1913 tristesque
1364 1857 1506 1917 prante

629 1936 708 1996 Ne
736 1929 869 1989 iniseris
904 1926 1010 1986 scelus
1054 1927 1117 1987 hoc
1152 1930 1357 1990 imposuisse
1392 1934 1481 1994 velit

572 2018 660 2078 Nam
711 2008 821 2068 monet
873 2000 1056 2060 examires
1100 1998 1203 2058 miri
1240 2000 1401 2060 fortuna
1445 2013 1599 2073 laboris

653 2091 757 2151 tinc
796 2081 957 2141 gelidus
1003 2075 1136 2135 tertat
1183 2075 1325 2135 frigida
1372 2081 1542 2141 nembra
1581 2096 1731 2156 timor.
