2000 2581
373 167 611 227 Comittant
656 165 760 225 duro
805 165 991 225 crudeles
1028 166 1184 226 pectore
1215 166 1333 226 lites.

373 234 604 294 Nominius
653 233 684 293 ex
724 233 804 293 illis
860 233 908 293 quae
932 233 980 293 sit
1019 235 1131 295 male
1172 237 1300 297 suada
1340 243 1531 303 inuentus

358 301 575 361 feruida,
596 301 670 361 qua
704 300 861 360 nullum
928 300 1105 360 facimus
1153 302 1228 362 non
1268 307 1418 367 pectore
1451 314 1574 374 voluit

357 379 404 439 Et
445 373 629 433 cogitate
683 370 840 430 anmo
889 370 1046 430 temere
1086 374 1332 434 confinimi
1372 382 1529 442 cemplet

374 451 461 511 ei
493 442 603 502 mihsi
642 437 753 497 nume
801 436 951 496 quoties
990 439 1149 499 tristis
1196 446 1291 506 sunt
1330 455 1473 515 caussa
1504 468 1638 528 doloris

365 521 420 581 Et
460 512 603 572 quoties
650 508 809 568 euras
849 508 967 568 nobis
1015 515 1269 575 inimicaque
1300 526 1443 586 multa

374 579 648 639 ctignunt,
676 574 788 634 dum
844 576 1042 636 pecrant
1090 587 1269 647 infidi,
1287 600 1409 660 dumq
1457 619 1626 679 rebelles

386 648 608 708 Obsistunt
670 642 761 702 prij
821 646 943 706 atrori
974 655 1145 715 pectore
1187 668 1348 728 iussis¬

380 721 522 781 Quid
570 714 652 774 fore
689 713 784 773 eium
854 718 1021 778 speras
1056 728 1128 788 illi
1163 738 1318 798 postque
1341 751 1413 811 ade
1436 764 1567 824 relicta

364 796 422 856 per
461 787 635 847 rampos
684 786 858 846 virides
906 792 1033 852 effusi
1072 802 1207 862 curru
1275 821 1488 881 feruntur

382 860 432 920 Et
474 857 599 917 male
640 856 774 916 nune
824 860 1016 920 metuo,
1040 875 1324 935 neimertis
1357 898 1491 958 sedibus
1507 913 1565 973 illi

368 926 587 986 Lerantes
647 925 816 985 campis
857 929 1016 989 patulis
1066 940 1236 1000 agrisque
1266 959 1464 1019 vagent.

376 997 553 1057 Quare
594 996 691 1056 proc
731 999 861 1059 relevi
893 1007 1152 1067 festinans
1192 1024 1378 1084 franite
1419 1038 1499 1098 fres

376 1062 523 1122 Innise
561 1062 598 1122 et
644 1063 783 1123 vitam
849 1071 987 1131 illoge
1034 1087 1256 1147 perorisque
1293 1103 1451 1163 labores

370 1138 560 1198 Discito,
587 1133 733 1193 quaque
751 1136 815 1196 illi
861 1143 997 1203 modo
1033 1159 1297 1219 conditione
1343 1178 1542 1238 ferantu.

305 1209 413 1269 ttaer
445 1205 512 1265 vbi
545 1203 603 1263 dit
628 1203 661 1263 ta
711 1204 877 1264 dedit,
893 1211 1042 1271 natus
1092 1221 1175 1281 mox
1224 1231 1332 1291 iussa
1374 1247 1547 1307 parentis

389 1273 647 1333 Complens,
667 1269 834 1329 infoelix
884 1277 1083 1337 infansto
1112 1292 1300 1352 tramite
1341 1313 1489 1373 muerit

353 1329 577 1389 Insidias
621 1328 767 1388 nullas
812 1334 1037 1394 metuens
1081 1346 1160 1406 vel
1193 1358 1362 1418 damna
1407 1379 1552 1439 parata

371 1406 458 1466 Ast
497 1401 574 1461 vbi
603 1399 854 1459 festinans
913 1407 1106 1467 consueta
1154 1419 1203 1479 ad
1251 1433 1396 1493 passua
1435 1454 1580 1514 venit,

381 1467 533 1527 Dnnia
586 1462 630 1522 qpeae
647 1462 799 1522 campos
843 1466 1049 1526 diligenti
1075 1480 1262 1540 lumine
1306 1502 1484 1562 lustrat

371 1538 442 1598 Sed
488 1531 631 1591 misque
649 1530 874 1590 exrantes
927 1539 1079 1599 rernit
1125 1548 1169 1608 prae
1187 1560 1385 1620 gramina
1439 1581 1617 1641 fratres.

365 1606 477 1666 ttum
543 1602 627 1662 Vbi
645 1602 701 1662 sed
748 1605 869 1665 roeris
897 1614 1122 1674 exrantem
1197 1630 1393 1690 passibus
1430 1642 1533 1702 alter

370 1672 631 1732 conspicit,
649 1672 867 1732 incertisq
920 1678 981 1738 viß
1033 1685 1103 1745 per
1155 1693 1295 1753 ignota
1347 1705 1574 1765 vagantem

1322 1750 1466 1810 passuda
301 1745 406 1805 Don
438 1741 707 1801 licheus,
723 1745 926 1805 Colamat
990 1754 1072 1814 non
1121 1760 1186 1820 hec
1235 1767 1299 1827 io
1324 1775 1422 1835 u
1584 1793 1689 1853 camp

372 1809 509 1869 corata
552 1805 715 1865 tenent
775 1811 989 1871 fratres,
1006 1821 1092 1881 alio
1134 1828 1169 1888 se
1195 1833 1246 1893 ad
1289 1843 1401 1903 arua
1452 1855 1614 1915 Apptecti

375 1869 625 1929 Vnamines
664 1869 764 1929 tato
815 1878 1052 1938 petierunt
1091 1897 1279 1957 admine
1316 1915 1479 1975 Dothan

367 1942 570 2002 Agvicalae
610 1937 733 1997 vores
783 1942 946 2002 erraus
998 1956 1171 2016 postque
1181 1967 1313 2027 audit
1354 1981 1496 2041 tosep.

373 2017 474 2077 Mox
509 2010 678 2070 rampos
720 2011 907 2071 vivides
958 2017 992 2077 et
1042 2027 1230 2087 coestaque
1255 2042 1425 2102 itinera
1458 2059 1560 2119 linst

363 2091 415 2151 Et
459 2083 572 2143 velox
625 2081 747 2141 celeri
782 2085 895 2145 ferto
939 2089 974 2149 prae
991 2093 1105 2153 deuia
1157 2103 1314 2163 cursu.

289 2162 366 2222 Sed
416 2158 640 2218 venientem
688 2159 807 2219 illum
874 2162 914 2222 vt
953 2167 1079 2227 longe
1118 2176 1323 2236 vestemnus
1353 2187 1519 2247 decoram
