2000 2581
510 163 706 223 Complent
747 162 814 222 tum
868 162 1057 222 manibus
1097 166 1294 226 plorantia
1334 167 1469 227 pestora
1503 165 1644 225 tundit.

497 225 624 285 Elent
671 225 824 285 mestae
865 225 1012 285 vnes,
1025 226 1193 286 velurem
1259 229 1339 289 que
1366 230 1433 290 sepe
1466 232 1646 292 videntes

486 296 677 356 Hestora
726 294 925 354 victorem
996 293 1066 353 pro
1102 293 1215 353 natis
1258 293 1357 353 saria
1399 296 1569 356 ferebant

498 364 664 424 Elentque
681 362 778 422 senes
821 361 961 421 ehari,
987 360 1119 420 plorat
1172 360 1330 420 leviana
1373 362 1565 422 inentus

497 432 641 492 Prescia
676 431 745 491 iam
807 431 959 491 tristes
1007 431 1124 491 lroiae
1152 430 1289 490 supesse
1324 430 1510 490 ruinas.

499 500 558 560 Sic
602 498 728 558 quoque
751 497 818 557 tota
869 496 1010 556 domus
1054 497 1195 557 miseri
1232 498 1410 558 deplorat
1447 501 1572 561 Jacal,

504 564 662 624 Nomen
710 562 908 622 eamissi
939 561 1059 621 ceebro
1106 562 1328 622 compellat
1375 568 1486 628 Poseph.

503 631 620 691 Elent
669 627 862 687 matees,
890 626 1097 686 fratres,
1118 630 1338 690 famuloe
1373 634 1442 694 tota
1490 639 1642 699 caterua

505 697 690 757 Plorat,
728 692 928 752 luctificat
965 692 1195 752 complenter
1225 696 1388 756 omnici
1425 700 1544 760 vore¬

509 766 648 826 amque
672 761 787 821 pater
819 758 950 818 gnati
982 758 1162 818 tunicam
1218 762 1301 822 proh
1341 764 1415 824 sepe
1439 768 1619 828 cauentam

510 833 779 893 Contrectat,
804 828 1047 888 manibus,
1064 830 1299 890 lacterimis
1341 834 1374 894 et
1400 839 1542 899 mucta
1585 850 1745 910 rigabat.

511 903 646 963 Sepius
693 899 916 959 infirmuos
947 900 1074 960 luctu
1122 904 1297 964 defessus
1336 908 1487 968 imaro

506 974 707 1034 Comidit
756 968 972 1028 examgnis
1029 969 1123 1029 totus
1187 978 1460 1038 Curiscratile
1495 988 1624 1048 visu)

516 1040 677 1100 Canitum
732 1035 840 1095 einere
866 1034 1042 1094 aspergens
1082 1038 1230 1098 atrisque
1258 1042 1399 1102 facullis

510 1104 634 1164 Sepius
658 1099 720 1159 &amp;
743 1097 953 1157 geminaris
992 1098 1101 1158 puege
1132 1101 1326 1161 compellat
1366 1106 1482 1166 Iesepbi¬

504 1169 519 1229 D
574 1168 638 1228 fili
662 1167 725 1227 fili
756 1166 804 1226 que
819 1165 851 1225 te
890 1164 1048 1224 fortuma
1088 1165 1253 1225 parenti

505 1237 720 1297 Sustulit,
743 1233 813 1293 hec
851 1231 942 1291 num
982 1231 1012 1291 te
1058 1231 1173 1291 missex
1219 1232 1327 1292 probi
1350 1235 1481 1295 tastia
1519 1238 1595 1298 fata

503 1302 767 1362 Manseruit
808 1299 874 1359 fili
932 1299 1064 1359 fieres
1106 1300 1147 1360 vt
1205 1301 1320 1361 preda
1361 1305 1526 1365 ferat.

502 1378 580 1438 Sed
624 1370 798 1430 quovido
841 1366 937 1426 dura
990 1366 1033 1426 mi
1076 1366 1146 1426 fili
1172 1366 1207 1426 es
1251 1368 1382 1428 morte
1416 1372 1590 1432 pemptus

505 1441 603 1501 Mox
648 1438 701 1498 ego
740 1435 937 1495 viuendi
975 1432 1051 1492 non
1088 1431 1195 1491 grato
1240 1431 1415 1491 mumere
1452 1436 1566 1496 fesus

502 1511 746 1571 subsequar,
755 1507 816 1567 &amp;
842 1503 1025 1563 moriens
1069 1500 1103 1560 te
1129 1499 1207 1559 tum
1269 1500 1478 1560 conitator
1513 1506 1626 1566 Isepli¬

504 1586 619 1646 Dixit
646 1581 681 1641 et
721 1576 857 1636 exortae
884 1569 1081 1629 lachegme
1122 1565 1318 1625 impediere
1353 1570 1610 1630 loquentem.

493 1650 750 1710 Linquaque
770 1641 979 1701 rontiruit
1019 1636 1187 1696 magno
1218 1636 1346 1696 defessa
1376 1637 1526 1697 dolore.

506 1721 614 1781 Atque
643 1714 779 1774 murus
823 1707 938 1767 inter
989 1706 1097 1766 facie
1132 1706 1413 1766 pulchervima
1470 1714 1564 1774 Dina

557 1783 708 1843 Quam
767 1776 918 1836 quodam
977 1776 1112 1836 spehiem
1171 1777 1304 1837 vesano
1339 1779 1464 1839 captus
1498 1781 1632 1841 amore

513 1856 707 1916 Abriguit
761 1848 956 1908 tristers
995 1848 1150 1908 soluens
1190 1849 1251 1909 pro
1283 1851 1446 1911 crimine
1477 1852 1602 1912 poenas

514 1923 725 1983 Querite
772 1916 929 1976 inforix
984 1915 1141 1975 amissi
1188 1918 1329 1978 fnnera
1384 1921 1564 1981 fratris.

492 1998 548 2058 Et
581 1989 710 2049 faciem
766 1982 944 2042 pulthram
1001 1982 1163 2042 lacerat
1212 1986 1414 2046 vestesque
1438 1991 1591 2051 decoras

511 2062 637 2122 Abiscit
668 2057 727 2117 &amp;
765 2054 891 2114 duris
936 2052 1146 2112 maribus
1183 2055 1422 2115 candentia
1467 2062 1616 2122 rumptt

508 2130 718 2190 Pectora,
746 2122 975 2182 cumtaque
995 2121 1051 2181 luc
1081 2122 1195 2182 tificis
1232 2125 1490 2185 vlulatibus
1518 2135 1642 2195 implet
