2000 2581
504 184 568 244 Ter
596 178 745 238 conata
780 176 921 236 loqui,
943 176 999 236 ter
1028 178 1127 238 reptis
1162 180 1339 240 destitita
1374 182 1530 242 amens.

506 246 554 306 Et
587 241 725 301 titubat
766 238 880 298 tanti
913 239 1068 299 srelevis
1108 241 1189 301 sibi
1214 242 1344 302 conscia
1376 242 1547 302 linqua,

504 303 685 363 Eloquito
718 299 875 359 tandem
933 299 1188 359 demerisque
1205 301 1345 361 silentia
1378 305 1542 365 rumpit¬

485 361 690 421 fortrose
719 359 810 419 puer
853 359 988 419 cordis
1037 361 1172 421 solatia
1207 362 1377 422 nostri¬

515 432 631 492 diste
663 424 818 484 gradum
872 421 966 481 que,
989 421 1052 481 nec
1091 422 1184 482 vores
1215 424 1347 484 sterne
1371 428 1549 488 loquentis

505 493 650 553 Eaelix
687 487 750 547 illa
796 485 877 545 dies
922 484 977 544 qui
1013 484 1049 544 te
1077 484 1122 544 ad
1168 488 1385 548 septenftua
1430 493 1520 553 Nili

522 559 632 619 Ostia
679 549 836 609 deduxit
877 547 1040 607 Mavias
1081 548 1116 608 vt
1157 550 1332 610 termeres
1367 553 1477 613 oras.

513 619 566 679 At
605 613 705 673 mihi
727 609 789 669 lux
828 607 951 667 fuerit
997 607 1112 667 longe
1159 610 1343 670 faelicior
1373 614 1473 674 illa¬

524 672 628 732 Que
659 668 716 728 ter
747 667 794 727 tis
835 666 930 726 mas
970 667 1073 727 talem
1137 671 1329 731 succedere
1360 674 1472 734 fecit¬

517 730 733 790 Dvotiuam
777 727 809 787 in
872 726 948 786 tam
993 727 1076 787 esset
1126 728 1196 788 tibi
1234 730 1317 790 iura
1354 733 1519 793 laboris,

527 793 676 853 Quam
737 787 771 847 te
806 785 941 845 foelirem
1003 786 1112 846 sempue
1132 788 1214 848 mua
1255 791 1391 851 pertora
1432 796 1588 856 curant.

509 857 588 917 Aut
628 848 767 908 vtinam
814 844 947 904 possent
993 845 1146 905 tantum
1205 850 1305 910 mea
1345 854 1464 914 verba
1504 860 1676 920 loquendo

521 916 737 976 Proficere,
753 909 790 969 et
819 906 962 966 laberis
1022 909 1253 969 compleres
1297 914 1394 974 iussa
1432 918 1657 978 moneritis.

533 984 644 1044 Certe
678 974 729 1034 ego
764 971 806 1031 per
823 969 909 1029 ruc
926 969 978 1029 tis
1012 970 1123 1030 faelix
1165 977 1404 1037 mortalibus
1430 979 1507 1039 essem

521 1049 562 1109 si
590 1039 743 1099 cuperes
778 1029 958 1089 placidus
1000 1029 1049 1089 ei
1160 1034 1291 1094 auxia
1346 1040 1437 1100 vota
1472 1047 1659 1107 praecantis.

533 1101 778 1161 Obstupuit
821 1092 1031 1152 inueris,
1045 1092 1122 1152 nec
1156 1094 1227 1154 quo
1262 1096 1325 1156 ino
1360 1100 1465 1160 talia
1500 1107 1661 1167 tendant

536 1163 660 1223 Nouit
699 1160 712 1220 e
771 1156 961 1216 excpiens
1006 1155 1150 1215 dictis
1189 1155 1281 1215 hic
1332 1158 1424 1218 talia
1470 1162 1528 1222 fat

473 1227 492 1287 D
536 1223 705 1283 domina
749 1219 844 1279 haud
881 1217 1001 1277 nescis
1045 1217 1108 1277 cui
1146 1218 1209 1278 me
1253 1219 1404 1279 parere
1441 1225 1611 1285 volentem

520 1291 599 1351 has
631 1285 733 1345 est,
757 1281 821 1341 nec
860 1280 970 1340 cupio
1010 1280 1130 1340 iussis
1169 1282 1288 1342 reris
1311 1284 1390 1344 tere
1429 1287 1564 1347 dignis

534 1356 626 1416 Non
664 1348 741 1408 ipsa
780 1342 957 1402 iaroras
1003 1342 1150 1402 semper
1195 1345 1296 1405 quam
1342 1348 1489 1408 pertore
1519 1352 1604 1412 fido

525 1418 767 1478 Sernierim
840 1405 1066 1465 gruptus,
1082 1405 1179 1465 quod
1212 1406 1253 1466 si
1277 1407 1357 1467 quid
1398 1409 1495 1469 facta
1527 1409 1656 1469 inuare

533 1484 577 1544 re
615 1476 697 1536 mea
734 1470 838 1530 nunc
875 1466 1068 1526 possunt,
1090 1467 1150 1527 non
1187 1467 1247 1527 est
1283 1469 1365 1529 quod
1396 1471 1492 1531 dicta
1529 1474 1700 1534 reutem.

489 1547 649 1607 Ingerit
690 1537 746 1597 his
780 1533 912 1593 dna,
933 1532 946 1592 o
981 1532 1148 1592 vtinam
1203 1533 1279 1593 non
1314 1535 1474 1595 pestore
1501 1537 1605 1597 ficto

548 1609 632 1669 Hec
673 1601 840 1661 dicas,
861 1599 913 1659 sed
944 1598 975 1658 se
1007 1598 1132 1658 dictis
1163 1600 1289 1660 resque
1299 1601 1456 1661 ffdesque
1466 1601 1632 1661 sequat.

536 1678 550 1738 D
602 1669 728 1729 foelix
766 1663 937 1723 mimium
989 1662 1145 1722 mulier
1190 1664 1234 1724 quae
1250 1665 1323 1725 txta
1353 1667 1391 1727 tt
1420 1668 1576 1728 ingales

529 1732 721 1792 Intrabit
761 1722 985 1782 thalames
1033 1723 1201 1783 terum,
1225 1727 1337 1787 quam
1393 1733 1553 1793 foedere
1577 1736 1673 1796 lecti

542 1797 782 1857 Inscipas,
799 1787 944 1847 lonsum
1013 1785 1090 1845 quo
1133 1786 1252 1846 terum
1304 1791 1526 1851 transigat
1560 1801 1731 1861 anum.

536 1865 625 1925 Non
660 1857 714 1917 exo
749 1850 927 1910 diuitias
954 1847 1115 1907 celsas,
1142 1849 1212 1909 nec
1239 1853 1373 1913 steptra
1408 1859 1542 1919 tenere

532 1921 663 1981 Regia
704 1910 805 1970 iuns
837 1904 1030 1964 cupiam,
1050 1904 1172 1964 possim
1222 1907 1263 1967 si
1293 1911 1375 1971 exta
1415 1920 1578 1980 fauorem

535 1978 771 2038 comiliare
833 1966 928 2026 tuum
1008 1968 1235 2028 rastumque
1252 1977 1428 2037 intrare
1455 1989 1603 2049 cubile¬

538 2047 632 2107 Hei
655 2039 702 2099 im
749 2033 808 2093 qud
843 2030 996 2090 referam
1055 2032 1243 2092 infocli,
1266 2038 1314 2098 qua
1325 2044 1479 2104 denique
1490 2055 1630 2115 lirqua

531 2102 745 2162 Infandos
796 2093 959 2153 poterit
1001 2095 1190 2155 dicendo
1224 2103 1386 2163 aequare
1412 2115 1566 2175 labores
