2000 2581
831 126 972 186 nic
1017 126 1128 186 1102

515 185 683 245 Tertralut
708 184 734 244 in
759 183 918 243 thalamos
969 182 1070 242 patre
1095 182 1221 242 intente
1255 182 1339 242 suos.

971 210 1085 270 mqeno
1106 211 1137 271 hi
1359 234 1465 294 statit
413 250 553 310 Quid
595 253 684 313 facis
726 255 914 315 Cexolamo
948 255 1096 315 stutis
1138 256 1195 316 tibi
1219 257 1326 317 ploria

504 328 545 388 Si
572 325 723 385 nescis,
744 324 820 384 non
840 324 895 384 her
943 324 1094 384 vindice
1135 326 1238 386 culpa
1279 331 1389 391 caret

420 389 548 449 Elise
589 390 685 450 nunc
725 390 830 450 aliam
886 391 926 451 quae
950 392 1046 452 nulli
1079 393 1183 453 impta
1231 399 1376 459 marito

503 457 616 517 Lite
656 459 728 519 mas
776 461 905 521 poterit
953 463 1074 523 sponsa
1114 466 1226 526 subire
1258 472 1396 532 lares.

628 490 641 550 in
655 491 680 551 de
425 529 586 589 Surdior
616 528 648 588 it
709 528 808 588 mari
855 531 1054 591 validisque
1085 537 1223 597 imitior
1261 543 1361 603 turis

517 593 587 653 Vix
632 594 663 654 ab
708 595 887 655 mornatis
925 602 1085 662 abstinet
1130 608 1187 668 ille
1225 614 1359 674 romnis.

426 666 651 726 Consendo
682 665 798 725 latum
861 668 977 728 veluti
1031 672 1071 732 si
1101 674 1202 734 forte
1249 678 1388 738 mariti

492 736 717 796 Defuncti
747 737 911 797 scandat
953 741 1086 801 impta
1127 746 1260 806 pudica
1290 750 1372 810 esex
1404 755 1548 815 pogunn.

420 805 491 865 Et
535 802 651 862 velnt
686 803 838 863 hostilis
890 805 989 865 fugio
1032 813 1228 873 conamina
1273 823 1397 883 dextrae

511 864 629 924 Qua
677 869 787 929 licet,
810 871 858 931 et
897 877 1088 937 lachrimis
1142 884 1277 944 mollia
1316 891 1427 951 strata
1458 899 1616 959 madent

417 937 561 997 Quod
603 935 636 995 si
670 936 772 996 forte
805 940 924 1000 manu
966 948 1110 1008 inerta
1160 955 1237 1015 fera
1270 959 1380 1019 corpa
1423 961 1532 1021 tango

498 1017 650 1077 Polletas
696 1010 834 1070 videor
894 1014 1078 1074 sammnine
1124 1024 1262 1084 habere
1300 1031 1469 1091 manns.

437 1093 582 1153 Quid
613 1085 778 1145 prauius
830 1085 965 1145 ferrem
1026 1090 1110 1150 tello
1140 1093 1171 1153 si
1212 1098 1337 1158 patria
1379 1106 1492 1166 vista

492 1159 667 1219 Hostibus
707 1158 883 1218 axteroris
924 1159 1007 1219 prada
1058 1163 1202 1223 eruenta
1253 1169 1346 1229 forep

421 1233 567 1293 Quid
612 1231 719 1291 captis
757 1231 887 1291 faceret
949 1233 1048 1293 ules
1102 1239 1307 1299 andelibus
1345 1249 1468 1309 armis

526 1299 657 1359 Quod
701 1298 772 1358 non
806 1300 894 1360 nun
956 1303 991 1363 et
1052 1310 1220 1370 Phaltiel
1246 1318 1360 1378 tostis
1395 1327 1474 1387 apat

426 1383 532 1443 Sepe
563 1372 626 1432 tua
658 1367 774 1427 illius
806 1367 858 1427 quo
880 1371 1048 1431 namine
1090 1384 1270 1444 nomina
1311 1393 1427 1453 notis

503 1439 803 1499 Sucrnerunt:
837 1441 897 1501 illi
939 1444 973 1504 si
1000 1447 1051 1507 mo
1103 1454 1205 1514 forte
1239 1462 1393 1522 loquor.

433 1520 494 1580 Se
538 1516 598 1576 hec
632 1513 754 1573 nostri
790 1515 971 1575 constans
1023 1523 1197 1583 fortuna
1241 1532 1397 1592 tenoris

519 1585 570 1645 dt
616 1582 784 1642 veniant
836 1585 933 1645 vitae
978 1591 1095 1651 nulla
1147 1599 1302 1659 sccunda
1341 1603 1451 1663 meae.

434 1658 630 1718 Parunta
680 1658 788 1718 panqe
807 1662 974 1722 eram,
1004 1666 1072 1726 nec
1122 1670 1171 1730 n.
1190 1673 1289 1733 sarea
1329 1677 1457 1737 sceptra
1486 1680 1623 1740 gerebat

491 1732 576 1792 Tum
643 1731 686 1791 pe
761 1733 938 1793 exrantes
990 1739 1133 1799 pastor
1176 1745 1310 1805 axbat
1344 1749 1445 1809 ones.

435 1803 625 1863 Nataqi
658 1800 836 1860 pastoris,
871 1804 1015 1864 tandem
1082 1809 1149 1869 sum
1206 1814 1306 1874 filia
1339 1820 1450 1880 regis,

490 1893 567 1953 Hei
608 1880 744 1940 quales
784 1875 940 1935 subennt
989 1877 1136 1937 omnia
1186 1882 1254 1942 ma
1303 1889 1440 1949 vicis?

447 1965 586 2025 Quid
639 1959 665 2019 in
717 1956 778 2016 hoc
813 1955 978 2015 inuit,
1005 1957 1135 2017 maior
1179 1962 1274 2022 nam
1336 1966 1370 2026 ra
1415 1972 1571 2032 dolendi

495 2029 652 2089 Quam
714 2027 792 2087 dum
847 2028 988 2088 panper
1028 2031 1113 2091 eram
1184 2038 1277 2098 caepit
1325 2045 1433 2105 adesse
1473 2053 1582 2113 nili¬

425 2101 444 2161 O
522 2099 668 2159 quanto
706 2099 843 2159 mallem
901 2099 949 2159 quoe
970 2101 1124 2161 amaeni
1163 2106 1357 2166 gramina
1406 2116 1523 2176 vuris
