2000 2581
522 163 597 223 Ast
625 161 682 221 vbi
710 161 842 221 dilecti
870 165 1039 225 Tithoni
1067 169 1208 229 anrora
1246 164 1406 224 reliquit

528 222 726 282 sucundos
759 223 1005 283 thalamos,
1026 224 1101 284 non
1142 224 1204 284 trec
1237 223 1367 283 tamen
1401 220 1517 280 impta
1558 213 1694 273 Hamas

518 294 741 354 Excutit,
763 289 864 349 insam
944 286 1066 346 fallax
1110 283 1283 343 obuersat
1318 277 1477 337 imago.

535 359 804 419 Amplexusque
825 350 970 410 inuant
1006 347 1108 407 ficti
1137 346 1188 406 &amp;
1202 345 1333 405 vagat
1376 344 1492 404 somma
1521 341 1637 401 trastis

516 426 741 486 Eaminat
783 416 968 476 ellet
1022 412 1098 472 non
1132 410 1255 470 fictis
1289 407 1427 467 ludere
1454 405 1550 465 tudis

535 493 740 553 Sornia,
755 480 832 540 tum
885 473 1014 533 magis
1053 469 1137 529 atque
1167 467 1289 527 magis
1328 466 1411 526 reero
1442 463 1556 523 aestuat
1587 459 1685 519 ioni.

520 566 576 626 Et
619 553 739 613 velut
775 541 959 601 ardentem
1016 534 1044 594 si
1072 531 1156 591 quis
1199 529 1333 589 magis
1369 527 1503 587 exitet
1539 526 1645 586 ignem

529 626 725 686 Iuyriens
759 609 931 669 stipulas
971 598 1119 658 famis
1169 593 1431 653 farmentaqu
1465 592 1587 652 sina¬

527 692 699 752 Exorite
729 679 864 739 statim
932 668 1051 728 releri
1082 665 1156 725 cum
1209 662 1329 722 robore
1374 658 1554 718 flamn,

528 764 635 824 Atqe
652 749 782 809 trabes
822 737 946 797 altas
992 730 1201 790 standens
1240 727 1357 787 nunc
1387 724 1527 784 prima
1565 719 1627 779 quaqe

542 817 690 877 Vastat
720 810 757 870 ept
787 806 927 866 ignitae
958 798 1143 858 volitant
1180 794 1247 854 hin
1321 791 1403 851 inde
1432 787 1581 847 fauillae

535 885 603 945 Sic
635 874 758 934 quoque
781 864 943 924 fallarib
982 858 1136 918 ludent
1183 855 1291 915 hanc
1314 853 1453 913 noctis
1484 848 1614 908 imago

537 939 744 999 Andentes
790 928 927 988 anini
965 921 1134 981 Hamas
1173 917 1186 977 a
1231 913 1406 973 adenpet
1445 910 1654 970 amorem.

544 1001 647 1061 Num
726 987 881 1047 expulsa
917 981 1019 1041 iacet
1064 977 1202 1037 omnis
1239 974 1312 1034 sina
1348 970 1474 1030 recti¬

532 1066 580 1126 Et
611 1056 756 1116 placuit
803 1049 931 1109 sceleri
964 1044 1107 1104 vdire
1147 1039 1354 1099 sucrumter
1378 1031 1514 1091 culpae¬

542 1123 708 1183 Erurgit
743 1114 883 1174 stratis
925 1106 1126 1166 demens,
1143 1099 1380 1159 castumque
1388 1094 1492 1154 cubile

541 1185 739 1245 Linquit
789 1171 1043 1231 Testinans,
1057 1166 1149 1226 ades
1184 1163 1297 1223 mole
1325 1162 1403 1222 ana
1446 1162 1573 1222 furore

560 1247 815 1307 Complens,
840 1231 1121 1291 Mlachrginas
1153 1221 1376 1281 humentia
1409 1220 1566 1280 himina
1598 1226 1722 1286 stillat

555 1312 680 1372 samque
705 1305 783 1365 aras
822 1297 972 1357 curare
1011 1288 1145 1348 sacras
1185 1283 1365 1343 rultusque
1381 1282 1475 1342 deoex

556 1382 617 1442 Ius
647 1373 762 1433 tituit
800 1363 915 1423 solitos
962 1355 1107 1415 (tanta
1145 1350 1207 1410 est
1253 1347 1398 1407 fiducia
1444 1346 1567 1406 repti)

565 1443 596 1503 t
636 1435 770 1495 magis
810 1426 960 1486 iniusto
991 1420 1031 1480 as
1054 1417 1157 1477 piret
1197 1413 1291 1473 deus
1323 1409 1449 1469 aequus
1481 1406 1615 1466 amori

547 1504 661 1564 Num
722 1493 814 1553 dini
844 1486 996 1546 inforlix
1041 1479 1255 1539 inclamat
1300 1474 1452 1534 iumen
1497 1474 1657 1534 Osiris,

540 1572 651 1632 Atque
668 1554 1003 1614 interstinctum
1045 1540 1226 1600 marulis
1260 1534 1492 1594 bicaloribus
1534 1533 1620 1593 Apim

483 1641 588 1701 E5t
619 1629 718 1689 locus
749 1619 923 1679 extrema
961 1612 1068 1672 longe
1106 1606 1274 1666 serrotus
1319 1602 1357 1662 ab
1388 1599 1486 1659 aula

555 1700 569 1760 A
612 1692 750 1752 turbis
793 1681 951 1741 varuus
994 1674 1102 1734 nullo
1131 1670 1197 1730 qui
1218 1667 1434 1727 murmure
1470 1667 1614 1727 vulgi¬

553 1757 774 1817 Perstavit
829 1746 892 1806 &amp;
906 1741 1010 1801 vis
1044 1736 1175 1796 nullis
1217 1732 1397 1792 turbatur
1418 1733 1591 1793 amaris

549 1822 736 1882 unque
756 1810 860 1870 lares
890 1802 1016 1862 stant
1046 1797 1130 1857 fidi
1160 1794 1327 1854 charique
1347 1795 1524 1855 penates

562 1887 702 1947 Queqe
729 1877 823 1937 conis
860 1867 1064 1927 thalames
1091 1860 1222 1920 subijt
1260 1859 1445 1919 formosa
1482 1863 1677 1923 inuenta.

558 1951 646 2011 tuc
694 1944 783 2004 pede
831 1936 960 1996 velori
984 1930 1153 1990 confert
1194 1926 1226 1986 se
1250 1925 1355 1985 regia
1395 1925 1612 1985 comunx,

547 2007 711 2067 Regales
755 1999 934 2059 habitus
971 1995 1104 2055 molli
1142 1992 1186 2052 de
1224 1989 1388 2049 corpore
1417 1986 1529 2046 ponit

547 2075 609 2135 Et
644 2068 778 2128 vittam
841 2060 983 2120 rapitis
1036 2055 1215 2115 soluit,
1233 2051 1393 2111 fauique
1419 2048 1562 2108 capilli

556 2128 820 2188 simolitant
862 2122 1109 2182 tumeris,
1125 2119 1274 2179 ipriure
1315 2119 1347 2179 et
1373 2120 1463 2180 atum
1522 2126 1628 2186 fulget
1653 2135 1818 2195 ebumque
