2000 2581
544 148 669 208 Qua
711 150 803 210 salus
845 149 870 209 in
911 149 962 209 est
1004 148 1045 208 &at
1079 147 1146 207 spes
1179 147 1229 207 est
1264 147 1338 207 vna
1380 149 1506 209 salutis

653 225 812 285 Hoccida
854 220 888 280 si
913 219 1047 279 pribus
1089 219 1156 279 Aes
1172 219 1248 279 tere
1273 218 1348 278 fata
1382 217 1466 277 qant

582 302 768 362 Anpilium
806 289 1032 349 inclamant
1110 284 1199 344 Din
1248 285 1512 345 lactrgonisque
1532 288 1669 348 rigatis

645 365 860 425 Expenunt
897 356 993 416 miti
1022 353 1171 413 fermida
1222 351 1304 411 vota
1349 351 1430 411 Deo.

598 446 701 506 talia
748 435 814 495 dum
861 428 974 488 tristi
1002 424 1199 484 constantd
1228 423 1256 483 in
1293 423 1377 483 vrbe
1397 423 1538 483 gerunte

641 515 657 575 E
716 506 817 566 suma
859 498 1035 558 altisonus
1070 495 1229 555 desfeicit
1263 492 1339 552 arre
1372 490 1465 550 poli¬

621 584 682 644 Et
720 576 819 636 vider
849 570 1023 630 afflictes
1054 566 1130 626 deiet
1145 566 1182 626 to
1213 566 1265 626 per
1280 566 1349 626 tore
1379 566 1470 626 eines

655 650 814 710 Infames
846 640 941 700 vitae
973 638 1156 698 defernisse
1187 639 1322 699 vias.

596 729 671 789 &amp;t
704 723 755 783 mo
796 718 863 778 pro
896 712 1005 772 vicijs
1039 707 1173 767 claram
1222 704 1381 764 regnare
1414 702 1557 762 plebem

661 793 841 853 Virtntem
904 782 1084 842 Diusto
1123 776 1217 836 iura
1264 775 1405 835 valere
1445 776 1546 836 foro.

601 867 727 927 Andlit
749 862 813 922 &amp;
823 857 949 917 effusas
982 851 1193 911 lactreymis
1225 848 1426 908 moistoque
1447 847 1552 907 ddore

661 940 756 1000 Cum
806 930 944 990 gelidis
995 925 1090 985 curis
1132 921 1355 981 exquietate
1397 917 1509 977 pres.

608 1014 758 1074 Inscipit
793 999 1004 1059 audicas,
1021 993 1100 1053 imo
1136 992 1188 1052 sub
1215 991 1329 1051 corde
1356 991 1531 1051 recondit

654 1085 712 1145 Et
750 1077 856 1137 euam
914 1068 1039 1128 miscri
1069 1065 1174 1125 caepit
1214 1064 1348 1124 habere
1378 1066 1531 1126 pregis.

614 1159 728 1219 Nam
778 1151 814 1211 bu
857 1145 1044 1205 mutatos
1079 1140 1273 1200 cernens
1330 1140 1409 1200 sine
1437 1144 1595 1204 crimine
1624 1153 1738 1213 mores

678 1226 893 1286 Consilium
950 1217 1061 1277 Rnus
1085 1217 1221 1277 mutat
1245 1217 1309 1277 &amp;
1325 1216 1381 1276 ille
1413 1214 1525 1274 suum.

577 1304 670 1364 Et
729 1297 814 1357 quos
856 1291 1000 1351 reudeli
1043 1288 1161 1348 voluit
1212 1288 1424 1348 subuertere
1457 1291 1550 1351 poena

674 1377 767 1437 Vult
809 1368 895 1428 miti
923 1363 1066 1423 reduces
1109 1362 1302 1422 asseruisse
1330 1364 1472 1424 manu.

600 1457 750 1517 Interea
799 1441 929 1501 claram
988 1436 1138 1496 Indiuis
1169 1436 1318 1496 deserit
1359 1439 1468 1499 vibem
1528 1443 1568 1503 et

662 1524 813 1584 Maenia
859 1519 904 1579 quae
919 1516 1040 1576 iisere
1093 1513 1169 1573 mox
1214 1513 1357 1573 euitara
1396 1515 1509 1575 putat

602 1598 674 1658 Et
729 1594 847 1654 procel
883 1588 1047 1648 erectas.
1065 1585 1265 1645 Speculate
1301 1587 1447 1647 lunine
1483 1595 1600 1655 turres

654 1675 717 1735 Et
754 1669 890 1729 sumas
935 1662 1071 1722 Regum
1135 1658 1343 1718 sontifirum
1425 1666 1579 1726 domos.

610 1761 749 1821 samqu
793 1749 922 1809 quater
954 1742 1050 1802 deno
1094 1739 1266 1799 surgebat
1320 1743 1557 1803 Phosplrorus
1589 1753 1664 1813 onta

675 1826 882 1886 Deciduas
929 1817 1025 1877 toties
1065 1816 1168 1876 nocte
1192 1817 1327 1877 subibat
1383 1822 1550 1882 aquas,

604 1908 757 1968 Moaria
797 1896 869 1956 non
917 1888 1111 1948 Ninenes
1159 1887 1336 1947 praedicta
1393 1890 1497 1950 dade
1521 1896 1690 1956 reebant

666 1980 759 2040 Nen
790 1971 876 2031 tota
915 1961 1109 2021 minimus
1155 1958 1279 2018 luctus
1319 1958 1349 2018 in
1396 1961 1489 2021 vrbe
1536 1966 1621 2026 fuut

608 2054 706 2114 Tune
751 2042 884 2102 mimis
920 2036 1044 2096 imiti
1080 2035 1294 2095 sucrensus
1356 2037 1498 2097 pectore
1544 2038 1650 2098 sonas

665 2122 846 2182 Horvida
902 2114 1047 2174 ceudeli
1103 2114 1214 2174 corda
1276 2117 1408 2177 furore
1457 2121 1575 2181 monet
