2000 2581
509 186 641 246 Stantq
688 179 774 239 rema
812 174 983 234 rigidae,
999 171 1062 231 non
1108 169 1194 229 vllus
1233 167 1373 227 putture
1405 163 1498 223 sermo

519 255 572 315 Ans
587 247 734 307 timudis
768 240 889 300 exit,
896 237 963 297 nec
990 235 1077 295 quid
1117 233 1252 293 dicant
1286 231 1474 291 faciantur

525 311 732 371 Nouerunt
790 305 912 365 inseri
969 301 1198 361 trepidantes
1242 301 1385 361 pectore
1414 307 1578 367 perstant

520 377 570 437 Et
615 373 759 433 comissa
803 370 923 430 refert
973 367 1175 427 herrentia
1219 366 1383 426 crmina
1426 369 1583 429 vultus.

524 444 606 504 Hei
631 442 713 502 quam
771 437 911 497 difficile
944 433 985 493 est
1011 432 1059 492 &amp;
1076 431 1224 491 quanti
1249 431 1323 491 cura
1357 432 1496 492 laboris
447 453 490 513 11

518 512 691 572 fecratum
741 502 890 562 peprium
940 495 1088 555 proprio
1121 494 1195 554 non
1237 495 1352 555 pdere
1386 499 1493 559 vultu
445 521 486 581 31

542 584 605 644 Vix
634 577 790 637 tandem
855 568 1021 628 unserum
1066 563 1260 623 tamunt
1324 563 1491 623 terraque
1500 567 1637 627 iarente

539 643 709 703 Tollunt,
726 641 761 701 et
787 637 923 697 gelidis
966 630 1197 690 conspount
1248 627 1410 687 tempora
1445 632 1632 692 limpliis.

524 709 766 769 Accurrunt
819 703 994 763 famule
1020 701 1067 761 &amp;
1088 700 1275 760 labantia
1315 700 1463 760 corpora
1510 704 1644 764 deptris

538 776 587 836 Ah
616 773 743 833 nisere
785 769 969 829 petinent
1032 766 1174 826 verum
1230 766 1301 826 hic
1336 768 1527 828 raligine
1556 773 1662 833 pssus

534 839 705 899 Pallidus
747 836 842 896 hand
894 832 1022 892 vnque
1039 829 1235 889 pallentia
1279 832 1450 892 lumina
1492 843 1587 903 tollit

528 909 603 969 Ast
641 906 715 966 vbi
743 904 810 964 cum
876 903 1063 963 temebris
1111 904 1242 964 noctis
1280 906 1402 966 quoque
1420 910 1515 970 cessit
1552 916 1702 976 imax¬

518 971 740 1031 Juistinns
773 971 828 1031 &amp;
844 971 972 1031 redist
1003 972 1171 1032 tandem
1234 976 1306 1036 sub
1338 981 1489 1041 corpora
1536 990 1656 1050 sensus

523 1048 531 1108 A
600 1040 706 1100 inser
752 1037 806 1097 vt
843 1037 989 1097 tastis
1035 1042 1271 1102 funtantia
1318 1050 1478 1110 lmmna
1524 1055 1623 1115 tollit

540 1103 685 1163 Omnna
741 1105 962 1165 voriferans
1017 1107 1197 1167 mastis
1238 1114 1473 1174 vlulatibus
1508 1127 1681 1187 implet¬

457 1179 628 1239 Aideus
662 1169 921 1229 ommpotens
980 1170 1204 1230 Cinquit)
1221 1176 1272 1236 que
1298 1182 1453 1242 munine
1495 1190 1632 1250 sancto

546 1238 726 1298 mvitas
766 1239 846 1299 ein
893 1240 939 1300 tis
1006 1240 1119 1300 quid
1166 1241 1226 1301 ego
1266 1245 1480 1305 comittere
1513 1252 1626 1312 tantu

536 1307 693 1367 Infalix
738 1304 885 1364 potui,
907 1304 1076 1364 guatus
1109 1304 1200 1364 quod
1246 1309 1392 1369 morte
1414 1316 1572 1376 periret

533 1374 714 1434 Crudeli
757 1375 813 1435 abi
847 1374 973 1434 insons
1021 1374 1106 1434 iae
1154 1375 1287 1435 solatia
1336 1384 1538 1444 mentis.

530 1444 548 1504 D
602 1448 701 1508 dolor
736 1450 754 1510 so
799 1450 907 1510 fili,
934 1450 997 1510 quis
1033 1450 1069 1510 te
1104 1450 1222 1510 mihi
1248 1451 1365 1511 casus
1401 1457 1572 1517 ademit

522 1524 601 1584 Hei
629 1522 745 1582 mihsi
780 1520 852 1580 me
896 1520 1145 1580 unserum,
1163 1522 1332 1582 faunus
1350 1526 1395 1586 quae
1412 1529 1528 1589 belua
1563 1535 1679 1595 tantu

525 1592 642 1652 Ausa
687 1589 751 1649 est
795 1589 832 1649 in
877 1589 1039 1649 puerum
1103 1594 1229 1654 vellet
1274 1597 1319 1657 que
1337 1602 1490 1662 pessima
1536 1609 1662 1669 dentes

543 1661 771 1721 Stringere
793 1662 866 1722 &amp;
888 1664 1101 1724 innoruum
1159 1668 1277 1728 male
1321 1672 1417 1732 sona
1460 1678 1629 1738 haurere
1659 1685 1812 1745 eruore.

526 1732 617 1792 ttei
650 1731 766 1791 mihsi
799 1733 891 1793 quid
941 1738 1116 1798 posthac
1165 1745 1306 1805 inisere
1348 1750 1497 1810 sugesse
1522 1753 1696 1813 innabit

534 1800 710 1860 Ereptus
756 1801 905 1861 iusero
943 1807 1018 1867 cum
1082 1812 1138 1872 sit
1185 1818 1305 1878 mihsi
1352 1825 1463 1885 filius
1500 1830 1658 1890 insons.

546 1873 742 1933 Amplius
782 1873 789 1933 e
836 1876 915 1936 due
946 1879 1057 1939 haud
1103 1886 1213 1946 nobis
1268 1898 1512 1958 tardantia
1567 1908 1670 1968 differ¬

536 1946 790 2006 Tempora,
824 1947 874 2007 ne
917 1950 1070 2010 innito
1103 1957 1264 2017 posthar
1297 1964 1340 2024 im
1407 1973 1543 2033 viuere
1577 1982 1688 2042 dete.

550 2018 635 2078 Cur
672 2016 810 2076 eterum
879 2019 1024 2079 cupiam
1085 2026 1215 2086 tanto
1262 2034 1391 2094 supesse
1429 2042 1551 2102 dolori

544 2081 641 2141 Cum
697 2086 890 2146 infirie
922 2093 1043 2153 aetati
1083 2100 1228 2160 solatia
1276 2109 1396 2169 nulla
1445 2118 1598 2178 supesint

543 2155 690 2215 Innc
727 2155 856 2215 eterum
920 2162 1021 2222 solum
1086 2170 1187 2230 quem
1243 2178 1353 2238 5pem
1408 2190 1639 2250 rolunenque
1657 2196 1813 2256 senectae
