2000 2581
853 122 867 182 S
917 123 931 183 E
981 124 995 184 P
1030 126 1045 186 H
1130 130 1144 190 E

488 180 657 240 Acripias
692 174 898 234 plaridus,
916 176 1023 236 vulen
1058 180 1183 240 depelle
1210 183 1343 243 vigorem

547 250 614 310 Sic
650 242 807 302 faueant
851 241 941 301 ceptis
978 243 1068 303 fata
1105 246 1246 306 strunda
1284 247 1380 307 tuis.

504 432 569 492 Ne
606 428 724 488 monet
760 427 819 487 ille
841 427 922 487 taus
959 428 1105 488 plando
1135 430 1201 490 cum
1245 434 1384 494 corpore
1414 439 1560 499 pestus.

549 501 619 561 Ne
642 495 767 555 mouet
805 492 962 552 exregius
1008 492 1048 552 quod
1071 492 1156 552 initet
1188 495 1250 555 ore
1289 498 1446 558 pudor.

494 568 547 628 Si
569 560 754 620 dominam
813 554 925 614 potuit
962 554 1096 614 strtulis
1133 555 1274 615 forma
1311 559 1452 619 mouere

545 632 630 692 Non
669 622 856 682 famulum
903 618 981 678 dege
1028 618 1153 678 verba
1191 620 1339 680 monere
1370 624 1487 684 gantu

505 696 693 756 Nectibi
718 687 824 747 turpe
855 683 949 743 putes
993 681 1061 741 meo
1112 682 1355 742 sunbere
1387 688 1524 748 amovi

566 762 731 822 Turgius
763 753 818 813 est
865 748 984 808 tante
1032 746 1173 806 redere
1197 747 1300 807 nolle
1340 753 1434 813 Deo¬

503 834 569 894 ppsa
608 822 704 882 etdam
762 812 915 872 fateor)
935 811 1050 871 volui
1078 812 1146 872 me
1184 815 1347 875 opponere
1386 820 1539 880 primu¬

554 891 716 951 Conatas
758 880 786 940 in
820 877 884 937 hic
919 876 968 936 ne
1010 877 1144 937 inanis
1185 880 1277 940 erat

493 962 572 1022 Als
592 952 711 1012 quoties
760 942 879 1002 iacnif
909 939 1037 999 longis
1067 939 1117 999 ego
1146 940 1206 1000 noc
1226 942 1325 1002 tibus
1354 950 1482 1010 aegra¬

546 1016 764 1076 Lanouida
808 1006 1019 1066 carminoro
1056 1006 1158 1066 corda
1194 1010 1318 1070 dolore
1354 1018 1521 1078 neaus.

498 1081 583 1141 Sepe
611 1073 704 1133 mihri
732 1068 853 1128 dixi,
881 1067 981 1127 Quin
1024 1068 1073 1128 hec
1101 1071 1209 1131 male
1237 1075 1322 1135 repta
1358 1082 1535 1142 relinquis

559 1146 725 1206 Quidue
758 1135 858 1195 tuam
924 1133 1050 1193 queris
1091 1135 1206 1195 pdere
1232 1139 1356 1199 stulta
1398 1143 1490 1203 fidem

492 1219 668 1279 Sepliva
704 1208 774 1268 dum
827 1203 969 1263 poteris
1014 1202 1111 1262 repto
1154 1204 1190 1264 te
1225 1206 1349 1266 oppone
1394 1209 1526 1269 furori
1538 1217 1550 1277 1

547 1287 634 1347 dum
695 1274 836 1334 poterit
889 1269 1023 1329 morbo
1071 1269 1171 1329 rrta
1231 1272 1399 1332 medela
1439 1274 1566 1334 dari.

513 1356 620 1416 Num
674 1342 749 1402 due
793 1333 921 1393 corpus
964 1330 1071 1390 serno
1115 1331 1330 1391 sucrumbet
1372 1333 1470 1393 exno

557 1414 731 1474 Ntune
766 1399 931 1459 peregrim
991 1395 1113 1455 turpis
1148 1396 1331 1456 adultera
1374 1400 1444 1460 cris

504 1484 546 1544 re
572 1475 707 1535 pennit
749 1466 884 1526 pulcher
909 1463 968 1523 quo
1002 1461 1120 1521 lubit
1171 1462 1289 1522 Nilus
1331 1464 1357 1524 in
1399 1468 1483 1528 orbe

555 1541 668 1601 Juic
718 1536 841 1596 patria
882 1532 946 1592 heu
988 1531 1077 1591 longe
1111 1530 1127 1590 a
1168 1530 1274 1590 terra
1315 1532 1462 1592 remota
1502 1537 1560 1597 tua
1593 1540 1633 1600 e.

484 1608 624 1668 Stulta
668 1598 755 1658 tuam
808 1594 922 1654 vitam
974 1595 1140 1655 pegino
1176 1599 1333 1659 credere
1385 1599 1481 1659 seruo

555 1664 646 1724 Non
695 1657 860 1717 dubitas
934 1656 1050 1716 finem
1116 1658 1272 1718 Septrira
1322 1663 1445 1723 stulta
1486 1665 1593 1725 vide.

406 1740 414 1800 a
472 1732 629 1792 Cortus
662 1725 770 1785 amor
803 1722 861 1782 non
903 1720 919 1780 e
952 1720 1192 1780 seruorum,
1217 1721 1349 1781 rallida
1399 1726 1523 1786 semper

543 1797 681 1857 Morum
733 1785 837 1845 mens
871 1783 922 1843 est
966 1782 1009 1842 et
1052 1783 1234 1843 fugienda
1285 1786 1423 1846 fides.
410 1799 447 1859 11

491 1882 501 1942 Q
558 1870 626 1930 aus
664 1862 722 1922 seit
761 1856 799 1916 an
837 1851 944 1911 hune
991 1849 1107 1909 pribus
1145 1851 1252 1911 possis
1290 1858 1550 1918 lactreginisque
1569 1870 1704 1930 moneiae

548 1934 599 1994 An
637 1928 673 1988 ti
711 1923 770 1983 det
806 1917 954 1977 victas
1013 1916 1042 1976 in
1079 1916 1145 1976 tua
1190 1918 1286 1978 veta
1330 1923 1477 1983 manus

499 1995 617 2055 Quod
655 1989 686 2049 si
715 1986 773 2046 nen
813 1984 950 2044 pribus
969 1984 1147 2044 redatum,
1166 1988 1343 2048 reptisque
1362 1995 1549 2055 repugnet

551 2060 584 2120 In
626 2053 743 2113 dubio
785 2051 860 2111 Can
893 2051 1027 2111 rescis.
1068 2055 1176 2115 vita
1227 2062 1361 2122 futura
1410 2067 1477 2127 tua
1510 2071 1593 2131 est.
