2000 2581
821 151 835 211 S
878 149 892 209 E
942 148 949 208 E
992 146 1163 206 N18A

498 228 563 288 An
596 222 620 282 in
653 218 701 278 qui
726 212 865 272 domino
889 207 1035 267 minium
1093 204 1150 264 vis
1182 203 1239 263 esse
1272 202 1401 262 fidelis

560 289 677 349 Caussa
718 282 787 342 evis
828 277 883 337 hic
917 272 1034 332 ehara
1069 269 1206 329 rorringe
1233 268 1275 328 vt
1309 268 1413 328 orbus
1447 270 1502 330 ent

495 355 625 415 also,
640 349 738 409 crede
761 343 890 403 mihi,
913 336 1087 396 iactabis
1126 330 1277 390 numera
1323 328 1436 388 serm¬

553 422 593 482 Si
620 416 686 476 tibi
720 409 780 469 tam
832 403 925 463 vilis
972 396 1232 456 vporherilis
1272 391 1345 451 erit

496 487 558 547 Di
575 477 752 537 dominum
798 465 948 525 curas,
966 460 1073 520 curam
1126 457 1232 517 quoque
1250 455 1401 515 coningis
1427 455 1498 515 eins

542 541 691 601 Accipe,
709 533 744 593 ne
780 527 867 587 peat
920 525 1009 585 labe
1044 522 1185 582 rempta
1220 518 1352 578 graui.

507 613 587 673 Hon
620 603 701 663 petit
756 591 942 651 officium,
966 586 1054 646 iura
1086 583 1143 643 hoc
1183 583 1232 643 que
1256 582 1344 642 possit
1376 582 1529 642 herilis.

563 669 625 729 Hor
656 660 742 720 possit
781 653 851 713 deo
882 648 1038 708 tradita
1078 646 1210 706 sancta
1257 645 1391 705 fides.

498 742 548 802 Se
583 732 611 792 si
633 724 732 784 vana
775 714 895 774 monet
939 711 1038 771 lecti
1060 709 1280 769 renerentia
1315 707 1444 767 herilis

543 795 605 855 Et
646 784 783 844 metris
825 777 976 837 domini
1010 775 1134 835 iussus
1175 774 1285 834 adire
1319 771 1477 831 torum.

505 861 553 921 Al
594 852 732 912 nimium
797 845 821 905 es
861 840 1016 900 simplex
1056 839 1105 899 ne
1137 838 1235 898 dicam
1284 837 1422 897 stultus
1462 836 1559 896 soseph

548 931 598 991 Si
625 916 787 976 timidam
849 906 999 966 mentem
1061 903 1172 963 parua
1211 903 1351 963 iinere
1385 902 1473 962 guat

518 994 629 1054 Quod
662 981 798 1041 metuas
837 972 902 1032 non
941 968 1038 1028 est.
1061 966 1165 1026 Quis
1205 965 1260 1025 emi
1292 965 1349 1025 tua
1388 967 1500 1027 fucta
1532 968 1684 1028 videbit.

576 1058 692 1118 Quis
737 1046 818 1106 mos
853 1038 943 1098 lusus
997 1031 1158 1091 furtaque
1194 1030 1292 1090 nosse
1328 1029 1444 1089 potest

514 1128 615 1188 Non
653 1113 847 1173 reseranda
875 1104 940 1164 tibi
968 1100 1089 1160 fuerit
1135 1096 1219 1156 mea
1265 1097 1394 1157 iaima
1422 1101 1534 1161 noste

566 1190 648 1250 Non
688 1182 713 1242 ti
745 1174 957 1234 fallendus
1002 1169 1156 1229 ianitor
1195 1167 1291 1227 vllus
1330 1166 1400 1226 erit

524 1261 615 1321 Nos
645 1249 781 1309 domnis
818 1241 902 1301 vna
947 1235 1091 1295 tenet,
1113 1233 1280 1293 thalamo
1318 1235 1522 1295 teneamur
1552 1241 1643 1301 eodem

569 1327 691 1387 Nemo
732 1313 896 1373 corpssus
936 1305 1008 1365 qui
1040 1302 1254 1362 repthendat
1295 1303 1315 1363 N
1449 1306 1581 1366 adest.

517 1401 571 1461 Te
602 1387 780 1447 dominus
827 1374 983 1434 statuit
1029 1368 1137 1428 fieres
1185 1368 1440 1428 vtsummus
1479 1371 1503 1431 in
1533 1374 1619 1434 aula

567 1462 653 1522 Res
697 1450 819 1510 omnes
871 1444 932 1504 soli
976 1443 1132 1503 credidit
1176 1444 1253 1504 ipse
1279 1445 1401 1505 suas.

520 1530 693 1590 Suspicio
729 1515 839 1575 surget
884 1510 994 1570 imque
1012 1510 1058 1570 si
1076 1510 1231 1570 limina
1267 1514 1413 1574 tanas

569 1593 748 1653 Nostra,
759 1584 815 1644 nec
848 1577 993 1637 officiet
1037 1575 1194 1635 parrula
1228 1577 1361 1637 limqua
1395 1584 1463 1644 ti¬

521 1665 613 1725 spsa
654 1655 693 1715 et
733 1648 839 1708 vitae
866 1642 1027 1702 sendijis
1053 1641 1199 1701 cenfica
1238 1648 1398 1708 puioris

588 1719 762 1779 Tempore
790 1709 975 1769 ludendi
1002 1709 1196 1769 liberiore
1242 1714 1418 1774 fruar.

923 1747 954 1807 de
516 1796 620 1856 Ante
645 1785 732 1845 milii
756 1776 860 1836 nullo
900 1772 989 1832 moet
1029 1772 1181 1832 crimine
1221 1776 1341 1836 fama
1381 1784 1533 1844 laborat

576 1862 594 1922 S
766 1847 892 1907 Casta
928 1841 1010 1901 etem
1063 1840 1163 1900 semp
1199 1843 1470 1903 conspicienda
1506 1852 1577 1912 fi¬

526 1923 679 1983 Primns
711 1914 783 1974 eris
824 1909 888 1969 ix
936 1905 1113 1965 Veneris
1154 1905 1218 1965 qui
1242 1907 1371 1967 gandia
1419 1913 1540 1973 sinnes

582 1992 636 2052 re
672 1981 797 2041 perres
842 1975 922 2035 nei
959 1973 1048 2033 prada
1094 1972 1246 2032 pudoris
1273 1973 1353 2033 erit

518 2062 564 2122 Tu
617 2052 701 2112 mea
747 2043 922 2103 decerpes
967 2037 1159 2097 floventia
1204 2037 1380 2097 numera
1425 2040 1570 2100 formae

593 2124 660 2184 Tit
690 2116 772 2176 inqu
810 2110 914 2170 vitae
952 2105 1124 2165 crimina
1169 2105 1251 2165 solus
1296 2106 1408 2166 eris.
