2000 2581
696 188 1013 248 242121
1085 182 1105 242 5
1136 180 1259 240 1n1
1279 180 1515 240 5oni.

412 315 646 375 mpore
674 305 771 365 quom
812 300 923 360 lonvo
950 295 1143 355 Speramit
1184 293 1391 353 Samsona
1418 295 1584 355 scriptis

536 384 741 444 Alloquito
776 378 925 438 tandem
993 374 1142 434 nvesta
1200 373 1314 433 puella
1360 372 1497 432 summ.

480 469 637 529 Perlege
673 461 807 521 nontra
842 456 927 516 pror
964 453 1121 513 mentis
1169 452 1242 512 tibi
1267 453 1375 513 signa
1411 457 1545 517 fidelis

520 545 541 605 Q
604 541 721 601 nihi
752 537 847 597 num
911 532 1079 592 propria
1143 531 1301 591 charior
1344 533 1429 593 ipse
1449 537 1534 597 die.

469 624 663 684 Deferunit
719 613 867 673 nonns
914 608 1095 668 Selagii
1118 608 1187 668 sol
1221 609 1369 669 anreus
1414 617 1551 677 vndas

524 697 737 757 Deciduis
782 689 893 749 toties
938 686 1116 746 lmua
1161 686 1306 746 mersit
1350 690 1506 750 aquis.

467 776 564 836 Nec
614 769 785 829 reducem
850 763 1013 823 video,
1030 762 1111 822 nec
1152 762 1201 822 quae
1217 762 1266 822 sit
1299 764 1340 824 ra
1397 770 1584 830 morandi

543 856 740 916 Sollicitae
771 846 953 906 referens
992 841 1110 901 littera
1149 839 1267 899 missa
1315 839 1425 899 verit

491 938 571 998 Cur
606 931 709 991 mora
743 926 813 986 tam
869 921 973 981 longa
1020 920 1077 980 est
1112 920 1169 980 quae
1180 920 1250 980 nes
1284 921 1480 981 disimugit
1514 928 1744 988 amantes.

534 1014 732 1074 Quodue
766 1005 895 1065 magis
930 1002 1094 1062 timeo,
1136 1003 1188 1063 quae
1214 1005 1283 1065 tibi
1317 1009 1420 1069 causa
1472 1016 1618 1076 morae:

469 1106 564 1166 Cur
599 1095 683 1155 tibi
718 1086 907 1146 dilectam
978 1082 1050 1142 sic
1085 1082 1239 1142 linquis
1287 1085 1381 1145 dure
1429 1092 1571 1152 puellam

542 1179 635 1239 Nec
677 1170 795 1230 mithi
828 1167 1006 1227 constato
1056 1167 1200 1227 vursus
1234 1173 1377 1233 amore
1411 1179 1521 1239 redis

458 1259 529 1319 At
559 1252 631 1312 num
682 1247 744 1307 me
784 1245 989 1305 fageres,
1010 1248 1112 1308 Non
1153 1253 1275 1313 longo
1316 1259 1388 1319 tpe
1449 1267 1602 1327 dixti.

530 1341 627 1401 Him
705 1329 810 1389 abero
880 1327 1055 1387 redurem
1134 1331 1170 1391 si
1196 1336 1318 1396 modo
1354 1343 1450 1403 fata
1484 1352 1651 1412 velint.

462 1430 553 1490 Ata
611 1414 689 1474 tuis
724 1406 929 1466 manibus
975 1407 1031 1467 ren
1078 1411 1203 1471 lentis
1249 1420 1409 1480 vitibus
1454 1428 1545 1488 vlin

546 1497 626 1557 Tun
708 1483 881 1543 facrant
941 1484 1195 1544 Cmenrini)
1215 1493 1317 1553 colla
1358 1504 1540 1564 renincta
1570 1514 1672 1574 meq.

466 1571 718 1631 Misminuis
765 1562 979 1622 ladrogmas
1026 1565 1164 1625 lugenti
1195 1569 1278 1629 vore
1318 1575 1517 1635 querentes

531 1655 751 1715 Mastagi
785 1647 842 1707 vix
889 1645 1015 1705 potuit
1062 1645 1200 1705 liegna
1234 1651 1395 1711 reftere
1442 1660 1581 1720 Vale.

476 1749 675 1809 Discsedis
721 1733 920 1793 ppans,
939 1727 1015 1787 eur
1052 1726 1119 1786 non
1166 1726 1223 1786 sic
1270 1728 1393 1788 ferree
1432 1734 1583 1794 tandem

532 1835 553 1895 E
597 1824 718 1884 ffinis
761 1815 805 1875 zu
871 1808 1002 1868 releres
1068 1804 1177 1864 posse
1209 1804 1342 1864 redire
1385 1807 1537 1867 pedes.

471 1910 533 1970 At
556 1902 634 1962 licet
672 1892 811 1952 inuitus
849 1885 951 1945 prepria
997 1881 1106 1941 quoque
1121 1880 1144 1940 in
1191 1880 1276 1940 vnte
1314 1882 1476 1942 moraris

538 1985 596 2045 Hte
644 1978 713 2038 tibi
732 1973 781 2033 sed
821 1968 927 2028 temer
966 1964 1074 2024 ferve
1103 1964 1152 2024 sed
1182 1963 1280 2023 hamc
1309 1964 1425 2024 leuius
1445 1965 1484 2025 in
1513 1967 1602 2027 potes
1640 1970 1698 2030 ips
1727 1974 1864 2034 mora.

503 2062 594 2122 tque
614 2054 725 2114 etenim
776 2049 897 2109 corpus
948 2046 1078 2106 durum
1128 2045 1189 2105 sic
1219 2045 1351 2105 fortia
1391 2045 1491 2105 torda
