2000 2581
267 155 323 215 Ne
359 153 480 213 dubita
530 151 638 211 saltem
694 149 823 209 pribus
873 147 930 207 sua
973 146 1087 206 corda
1123 144 1300 204 monebis,

271 222 346 282 Nec
384 215 505 275 decrit
542 212 595 272 doc
618 210 655 270 ta
701 209 912 269 veliemens
949 209 1137 269 facundia
1167 208 1295 268 linquae

262 277 428 337 Quid.
462 272 496 332 si
522 271 662 331 dinine
696 271 816 331 vates
856 271 937 331 nun
996 272 1070 332 vent
1090 274 1297 334 loquinte.

271 340 420 400 Iurpiter
456 333 628 393 exceltus
672 332 791 392 diuot
842 334 1050 394 succumbit
1087 336 1221 396 amori

260 408 312 468 Et
350 402 441 462 deus
473 397 692 457 tnanas
731 396 879 456 dimino
912 398 1066 458 corpore
1098 401 1260 461 formas

269 467 443 527 Accipit,
465 461 520 521 &amp;
541 459 702 519 facibus
745 458 849 518 letus
891 460 1150 520 mortalibus
1191 467 1303 527 ardet

264 531 361 591 Atque
376 524 425 584 hic
449 521 513 581 qui
537 518 665 578 sumum
722 517 826 577 foelix
867 518 1011 578 modate
1059 524 1228 584 Dompum

276 590 413 650 Cuique
422 585 517 645 sotor
551 582 766 642 coniunxque
784 582 905 642 simul
939 587 1129 647 Saturnia
1163 595 1283 655 Inno.

269 658 312 718 Et
343 655 375 715 in
412 653 473 713 non
511 649 623 709 liceat
660 646 796 706 simili
827 645 1007 705 succinnte
1044 649 1174 709 amori

267 719 446 779 Accedam
496 712 624 772 supplex
668 708 768 768 illum
817 708 896 768 mea
939 711 1097 771 vuluera
1132 719 1333 779 pandam,

275 781 348 841 Nec
385 775 532 835 pudeat
568 772 663 832 duam
722 771 949 831 peregrine
986 775 1117 835 redere
1169 780 1272 840 seruo

256 838 411 898 Disedat
444 832 566 892 fastus
599 830 739 890 relsoque
755 829 878 889 supbia
911 831 1049 891 vultu¬

273 890 344 950 Non
384 887 462 947 decet
500 884 553 944 hec
592 884 826 944 domitiam,
839 889 937 949 serua
969 891 1001 951 tu
1034 897 1203 957 munira
1248 907 1391 967 sumes.

266 946 389 1006 Quid
425 940 512 1000 facis
548 938 737 998 infoelix,
751 940 896 1000 tantum
954 949 1128 1009 quittere
1164 959 1309 1019 crimen

262 1004 458 1064 Expetis,
474 1000 532 1060 &amp;
548 998 638 1058 seruo
671 997 818 1057 parens
859 998 924 1058 vis
965 1000 1047 1060 ipsa
1096 1008 1243 1068 videri

279 1062 417 1122 Quin
461 1054 571 1114 potius
607 1052 745 1112 loneum
803 1053 875 1113 seno
912 1058 1123 1118 valedicas
1152 1070 1304 1130 ameri¬

271 1117 361 1177 Num
414 1112 445 1172 te
475 1110 513 1170 quae
528 1110 604 1170 uc
627 1109 695 1169 tas
733 1111 877 1171 excellis
923 1116 1022 1176 celsa
1075 1125 1287 1185 matronas

278 1175 388 1235 Impio
421 1171 573 1231 obsturi
607 1171 784 1231 famui
809 1175 1013 1235 submittes
1054 1182 1207 1242 iniquo

265 1243 501 1303 Sustineam
560 1240 695 1300 certe,
720 1240 763 1300 sic
796 1241 863 1301 est
914 1244 1007 1304 sina
1049 1247 1142 1307 fixa

256 1312 313 1372 Et
350 1309 428 1369 pror
465 1307 508 1367 vt
552 1306 696 1366 nostro
724 1306 811 1366 num
869 1307 927 1367 sit
963 1309 1050 1369 deus
1085 1313 1201 1373 aequus
1237 1320 1395 1380 amori¬

206 1382 378 1442 Talibus
416 1372 559 1432 infaelis
596 1370 663 1430 alii
694 1370 769 1430 dum
828 1371 1001 1431 munere
1039 1373 1152 1433 serum

271 1443 458 1503 Tandent
535 1433 747 1493 insonnes
807 1435 1020 1495 deducens
1053 1445 1198 1505 erdine
1232 1457 1368 1517 noctes

268 1505 331 1565 Aes
358 1500 450 1560 tuat
486 1496 568 1556 atque
587 1494 714 1554 graues
752 1494 869 1554 euras
907 1497 943 1557 in
979 1500 1043 1560 per
1071 1505 1162 1565 tore
1198 1515 1326 1575 voluit

262 1569 465 1629 Forhitan
503 1567 563 1627 &amp;
585 1565 751 1625 semmus
797 1565 977 1625 inseram
1037 1567 1068 1627 si
1090 1569 1195 1629 repit
1225 1578 1398 1638 amante

269 1634 344 1694 Non
378 1630 516 1690 tamen
557 1626 744 1686 ardentes
771 1626 963 1686 compessit
998 1628 1039 1688 pe
1074 1631 1163 1691 core
1190 1638 1348 1698 Hamas

266 1696 354 1756 Mog
397 1692 590 1752 etemnisi
616 1689 643 1749 in
687 1689 836 1749 somnis
880 1691 1029 1751 (jueri
1064 1695 1090 1755 se
1117 1700 1274 1760 ostentat
1310 1712 1459 1772 imapo¬

257 1763 313 1823 Et
354 1760 532 1820 reneuat
581 1758 702 1818 fallax
743 1757 865 1817 aproto
897 1758 1018 1818 corde
1051 1760 1245 1820 dolorem.

263 1825 484 1885 Somniat
534 1823 749 1883 augustam
806 1822 987 1882 faciem,
1012 1824 1185 1884 moresque
1209 1831 1374 1891 benignos

254 1890 306 1950 Et
350 1888 541 1948 tererum
600 1887 784 1947 corpus,
799 1888 1034 1948 radiantis
1063 1891 1232 1951 lumina
1277 1894 1416 1954 vultus

270 1958 418 2018 Sepius
459 1953 681 2013 exclamat
739 1953 814 2013 cum
871 1955 1003 2015 dulcia
1053 1957 1209 2017 sommia
1251 1962 1407 2022 oberrat

256 2025 307 2085 Et
345 2020 471 2080 vorat
522 2016 687 2076 infoelix
731 2017 922 2077 adamati
953 2020 1099 2080 nomen
1150 2022 1308 2082 annci.

271 2087 323 2147 At
360 2083 421 2143 quo
443 2081 504 2141 ties
541 2079 630 2139 totis
668 2079 803 2139 iacuit
848 2082 1019 2142 resoluta
1058 2084 1259 2144 medullis

273 2151 369 2211 Dum
426 2146 579 2206 Veneris
611 2146 724 2206 ludos
764 2148 988 2208 imitantia
1037 2152 1190 2212 sommia
1230 2155 1399 2215 finquit
