2000 2581
856 109 867 169 L
927 111 986 171 EB
1035 111 1046 171 E
1095 110 1100 170 C
1148 110 1160 170 C
1203 110 1257 170 A.

249 165 338 225 Coem.
354 164 411 224 19.
478 163 551 223 Et
580 163 674 223 velut
719 164 755 224 ad
784 165 959 225 Sodomas
995 167 1171 227 Spectans
1207 168 1352 228 Lothiia
1389 170 1506 230 coninx

530 237 742 297 Defunte
798 234 947 294 similis
997 234 1131 294 mortis
1174 236 1308 296 imapo
1343 234 1450 294 steti¬

494 311 590 371 Vtque
608 304 753 364 animus
792 300 945 360 rediit,
964 299 1079 359 rediit
1108 301 1165 361 quie
1185 302 1367 362 pristina
1395 305 1481 365 cura

545 371 783 431 Conturbant
830 364 982 424 mentem
1048 365 1160 425 tanta
1214 366 1306 426 pida
1352 368 1504 428 meam.

501 438 622 498 Nune
653 429 764 489 quoque
784 426 855 486 dum
905 425 1088 485 momini
1118 429 1300 489 scribendi
1320 435 1471 495 munere
1501 440 1582 500 fessa

540 510 562 570 &a
645 500 735 560 iaret
780 495 810 555 in
840 493 968 553 prenno
997 493 1193 553 lanquida
1230 497 1335 557 facta
1372 504 1507 564 manus

488 572 687 632 Largius
718 566 758 626 et
787 563 877 623 solito
918 563 998 623 mea
1037 564 1187 624 tustia
1217 568 1367 628 lumina
1397 572 1547 632 Stillant

550 644 685 704 Aspire
716 635 761 695 sit
799 630 875 690 nun
935 628 988 688 hoc
1033 628 1185 688 quanta
1215 632 1329 692 litura
1358 635 1457 695 loco.

504 716 575 776 Ne
601 710 637 770 in
672 701 849 761 anpilium
903 698 964 758 fili
991 697 1043 757 tibi
1070 698 1079 758 5
1114 698 1212 758 pesque
1229 700 1353 760 deeset

544 778 622 838 Her
650 773 713 833 sum
763 768 903 828 sollicito
931 767 1009 827 Xba
1051 768 1156 828 locatu
1199 769 1318 829 patri.

491 841 729 901 Nachorides
768 832 991 892 venerande
1021 830 1152 890 stuex,
1168 831 1252 891 dilec
1267 833 1299 893 te
1322 840 1490 900 marite,

552 908 641 968 Cum
680 901 719 961 qua
738 897 797 957 sum
837 893 984 953 gemino
1023 892 1170 952 pigvore
1199 896 1308 956 facta
1346 904 1494 964 parens.

506 978 624 1038 Quid
655 972 714 1032 tam
763 966 932 1026 sollicitus
973 966 1112 1026 genitor
1141 969 1210 1029 tibi
1251 973 1359 1033 prefuit
1398 980 1518 1040 Abram

540 1045 635 1105 Dum
685 1037 771 1097 petit
806 1034 823 1094 e
865 1033 968 1093 spuia
1020 1034 1114 1094 facda
1156 1039 1294 1099 nostra
1336 1046 1422 1106 tibi¬

495 1122 546 1182 di
573 1113 669 1173 mun
721 1105 825 1165 illius
869 1102 930 1162 qui
956 1103 1052 1163 sunt
1104 1105 1147 1165 de
1173 1110 1304 1170 Stirpe
1330 1118 1443 1178 reeati

553 1187 635 1247 Non
672 1178 807 1238 iurant
860 1172 972 1232 gentis
1025 1173 1197 1233 vincula
1250 1180 1339 1240 sacia
1376 1186 1451 1246 suae

499 1252 589 1312 Qur
618 1246 699 1306 nun
773 1240 901 1300 natus
937 1240 1029 1300 asan
1074 1242 1239 1302 pegrino
1266 1248 1403 1308 captus
1430 1256 1558 1316 amore

545 1314 712 1374 Alterius
754 1308 888 1368 sequite
930 1308 1014 1368 iura
1072 1311 1273 1371 prophana
1314 1317 1456 1377 thore?

520 1389 653 1449 diuere
690 1381 741 1441 me
771 1378 867 1438 ublim
941 1377 971 1437 si
993 1378 1104 1438 talia
1147 1383 1273 1443 natus
1325 1388 1406 1448 Jacob

531 1454 745 1514 fecerit,
774 1449 815 1509 ab
849 1448 996 1508 mortib
1051 1449 1112 1509 siti
1127 1452 1230 1512 prior
1272 1457 1327 1517 oro
1363 1462 1466 1522 dies.

497 1535 559 1595 An
589 1527 629 1587 qa
661 1521 743 1581 mun
795 1517 927 1577 desint
959 1518 1091 1578 noestra
1133 1523 1175 1583 de
1195 1526 1287 1586 gente
1329 1530 1461 1590 puellae

560 1600 670 1660 Atque
687 1595 773 1655 velit
806 1591 858 1651 nos
875 1591 977 1651 tragi
1002 1593 1138 1653 stande
1181 1599 1284 1659 nulla
1326 1606 1470 1666 thoros.

508 1674 608 1734 Quid
649 1666 741 1726 mihi
767 1661 942 1721 Labanus
983 1661 1067 1721 frat
1117 1665 1183 1725 qui
1217 1669 1301 1729 stat
1334 1675 1442 1735 dinite
1467 1683 1551 1743 enten

547 1737 694 1797 Clarus
723 1732 752 1792 in
797 1731 936 1791 Asseria
987 1733 1127 1793 pasrua
1163 1737 1244 1797 lxta
1280 1736 1362 1796 colit

512 1811 614 1871 Talia
652 1799 880 1859 tardigrado
925 1799 1072 1859 dicebam
1130 1805 1211 1865 xba
1263 1809 1425 1869 paventi

546 1882 619 1942 Ast
655 1873 793 1933 aliud,
802 1870 930 1930 pertus
976 1870 1039 1930 quo
1068 1875 1287 1935 praemereter,
1305 1879 1387 1939 erat

502 1952 581 2012 Hic
610 1944 709 2004 inbet
747 1940 925 2000 adcersi,
945 1941 1161 2001 Spriamque
1181 1946 1328 2006 iuberis
1358 1952 1505 2012 aquosam

539 2023 624 2083 Hei
654 2013 807 2073 minium
855 2008 960 2068 longa
1019 2010 1115 2070 solus
1162 2014 1268 2074 adire
1297 2019 1402 2079 vial.

509 2092 636 2152 Quid
674 2085 711 2145 in
748 2082 816 2142 tum
891 2080 1011 2140 aniim
1055 2082 1175 2142 credis
1220 2086 1257 2146 im
1310 2091 1400 2151 nate
1437 2098 1579 2158 fuisse?
