2000 2581
815 170 834 230 S
882 168 892 228 P
950 167 989 227 P.
1009 166 1105 226 HO
1145 167 1164 227 E
1213 168 1270 228 A.

451 229 578 289 Quid
620 225 737 285 tamen
769 224 832 284 tum
886 225 1045 285 queris,
1066 227 1182 287 quam
1224 227 1257 287 ti
1288 227 1353 287 pta
1384 225 1564 285 manat.

521 297 641 357 Quod
687 292 732 352 mo
769 290 830 350 tam
876 289 1079 349 vertremens
1117 290 1148 350 in
1178 292 1238 352 tua
1276 293 1412 353 damna
1458 293 1533 353 euis

468 365 692 425 Dnimium
742 355 865 415 fortis
917 355 1110 415 niminung
1171 360 1304 420 innise
1344 364 1497 424 quieti¬

515 435 578 495 Et
613 427 748 487 mimis
783 424 818 484 in
855 423 971 483 euras
1016 424 1132 484 corde
1167 428 1516 488 paratergraues.

480 503 607 563 Quas
634 498 670 558 im
716 494 797 554 min
853 492 1105 552 lactrogmias,
1132 493 1214 553 quos
1250 496 1359 556 credis
1395 502 1540 562 surgere
1558 509 1667 569 luctus

536 576 569 636 In
612 569 729 629 patria
770 566 838 626 cum
879 566 930 626 sim
980 566 1039 626 sola
1072 568 1199 628 relicta
1240 569 1333 629 domo

462 644 610 704 Nempe
645 636 736 696 domi
758 634 849 694 lateo
891 633 1003 693 vario
1038 635 1201 695 contorta
1249 640 1362 700 dolore

523 715 566 775 In
601 704 821 764 Cartroymas
857 699 945 759 semp
997 700 1059 760 sum
1112 705 1270 765 resoluta
1314 713 1446 773 pranes

467 785 569 845 Non
596 775 727 835 efferre
755 770 847 830 pedem
894 770 1015 830 patrio
1042 771 1080 831 de
1098 775 1228 835 limine
1266 781 1377 841 possum

521 848 668 908 Erubeo
711 838 894 898 nostras,
909 838 981 898 ante
1004 839 1047 899 vt
1084 843 1179 903 adire
1222 849 1383 909 murus.

471 918 649 978 Nasutae
680 909 800 969 metuo
829 906 988 966 quoniam
1048 911 1228 971 connicia
1267 922 1416 982 plebis.

526 990 638 1050 Neue
664 984 733 1044 quis
768 982 915 1042 impura
950 982 1028 1042 labe
1054 985 1193 1045 notare
1227 992 1365 1052 queat.

468 1056 564 1116 Non
597 1049 701 1109 eterum
758 1047 854 1107 nessis
893 1047 934 1107 quae
950 1049 1022 1109 sint
1063 1053 1263 1113 mendatia
1304 1058 1408 1118 fama

540 1121 639 1181 Qua
684 1115 783 1175 modo
822 1113 959 1173 securas
997 1115 1058 1175 vix
1088 1118 1149 1178 lici
1180 1121 1241 1181 esse
1279 1129 1408 1189 probis.

480 1195 590 1255 Quid
629 1189 668 1249 de
699 1186 747 1246 me
786 1185 983 1245 Madian,
999 1186 1084 1246 quid
1117 1189 1202 1249 dines
1227 1192 1328 1252 thure
1353 1197 1454 1257 Sabgo

533 1255 687 1315 Direret
714 1251 756 1311 &ap
790 1249 936 1309 posther
970 1250 1082 1310 dicere
1108 1253 1202 1313 posset
1254 1257 1390 1317 Arats.

480 1331 566 1391 Hen
595 1321 701 1381 quoque
720 1316 788 1376 dum
836 1315 933 1375 proba
962 1315 1009 1375 sum
1067 1317 1125 1377 vix
1164 1320 1211 1380 sic
1230 1325 1395 1385 romuria
1424 1330 1501 1390 vito

540 1400 679 1460 Omnia
710 1393 757 1453 quae
765 1391 858 1451 nobis
912 1387 1029 1447 fama
1067 1387 1208 1447 mimira
1246 1390 1363 1450 staut

479 1466 583 1526 Num
640 1457 781 1517 aliquis
829 1455 970 1515 nostro
1009 1457 1188 1517 quondam
1235 1463 1463 1523 contemptus
1500 1472 1613 1532 amore

555 1534 667 1594 tatia
720 1527 755 1587 in
789 1523 989 1583 saffuctam
1058 1526 1231 1586 promata
1275 1531 1361 1591 salsa
1396 1534 1483 1594 iacit

506 1609 626 1669 nune
666 1602 696 1662 et
727 1597 886 1657 tiomidi
917 1594 1118 1654 spestato
1157 1597 1288 1657 littora
1328 1606 1457 1666 Nili¬

529 1677 695 1737 Denno
720 1663 848 1723 nune
886 1660 1027 1720 patrios
1064 1662 1180 1722 Tpue
1205 1670 1371 1730 superba
1411 1681 1525 1741 proces

474 1762 496 1822 N
617 1745 694 1805 nun
771 1734 936 1794 allentem
1001 1734 1112 1794 foelig
1155 1738 1232 1798 ribi
1266 1743 1331 1803 que
1353 1754 1539 1814 maritum

532 1828 551 1888 D
608 1816 771 1876 tandem
828 1807 914 1867 tali
943 1803 1077 1863 digna
1125 1805 1249 1865 puella
1287 1814 1363 1874 viro

479 1900 577 1960 Haec
614 1885 748 1945 aliquis
793 1876 891 1936 roram
936 1873 1080 1933 dicet,
1106 1874 1169 1934 nec
1205 1877 1331 1937 tanta
1376 1885 1510 1945 lenare

544 1962 659 2022 Qui
689 1953 780 2013 potes
818 1946 886 2006 huc
925 1943 1024 2003 velox
1054 1943 1085 2003 in
1122 1943 1199 2003 mea
1237 1947 1328 2007 vota
1374 1955 1480 2015 venis

483 2042 604 2102 Atque
617 2032 684 2092 eqos
697 2025 778 2085 que
805 2018 952 2078 patriam
1007 2016 1154 2076 dilesto
1181 2019 1341 2079 coninge
1368 2027 1489 2087 licto

547 2115 755 2175 Repperii,
776 2104 911 2164 wristis
953 2097 1057 2157 talia
1088 2096 1171 2156 roba
1202 2098 1368 2158 feram?

1312 2175 1385 2235 Ali
1402 2174 1547 2234 miserere
