2000 2581
509 168 752 228 Hortante,
777 163 925 223 quorum
986 162 1082 222 vores
1125 163 1255 223 postque
1280 164 1393 224 audit
1419 164 1523 224 Posepti

515 299 750 359 Exhilerant
785 293 909 353 trstem
962 290 1133 350 ludentia
1173 290 1315 350 eaudia
1356 294 1509 354 mentem

516 368 749 428 Panituisse
779 357 911 417 etenim
972 354 1125 414 fratres
1165 354 1206 414 et
1246 357 1409 417 pectore
1440 362 1571 422 primen

514 444 592 504 Res
620 434 727 494 puere
756 426 902 486 insaelix
941 421 1077 481 regitat
1146 420 1224 480 nec
1262 421 1378 481 ixtera
1428 424 1544 484 nonit

519 514 561 574 Ib
596 504 752 564 tristis,
769 496 881 556 doner
915 491 1044 551 spatu
1097 488 1122 548 in
1166 487 1330 547 Amnina
1382 486 1459 546 solis

507 579 751 639 Extractus
791 566 954 626 rediit,
978 559 1100 619 sensit
1149 553 1279 613 vidita
1344 551 1498 611 furorem

532 653 609 713 Non
643 643 814 703 reridisse
848 634 925 694 fut
959 628 1139 688 virum,
1156 625 1267 685 nona
1309 623 1352 683 se
1386 623 1472 683 nun
1531 625 1693 685 crimina
1728 629 1804 689 divo

518 722 685 782 Pectore
723 710 907 770 moliri,
929 699 1159 759 pereorinas
1213 694 1373 754 attamen
1419 694 1510 754 vas

528 792 619 852 Non
665 785 794 845 timet
848 779 886 839 at
939 774 1007 834 loto
1046 768 1183 828 creptos
1228 765 1358 825 furire
1396 768 1578 828 dolores.

513 868 608 928 Ast
651 860 711 920 illi
746 849 961 909 abreptum
1022 836 1220 896 ferientes
1281 834 1410 894 sudera
1452 838 1547 898 vore

518 934 627 994 Auia
677 930 737 990 per
770 925 889 985 rarae
930 917 1057 977 debest
1082 910 1293 970 deducunt
1344 907 1512 967 compita
1546 912 1680 972 spluc.

522 1005 675 1065 Quos
703 1000 769 1060 hic
808 993 1018 1053 gmissis,
1037 984 1266 1044 lachrimis
1313 978 1505 1038 pribusne
1542 977 1685 1037 fatigat

513 1079 722 1139 Officium
786 1066 969 1126 fatrum
1023 1054 1314 1114 memorans,
1333 1047 1552 1107 patriamu
1597 1050 1770 1110 serestam

520 1158 608 1218 Non
651 1144 797 1204 tamen
841 1136 885 1196 hi
907 1128 1132 1188 lactrrimis
1177 1122 1271 1182 vllis
1322 1120 1527 1180 pribuone
1563 1119 1752 1179 monente

520 1227 611 1287 Non
653 1212 785 1272 patria
826 1198 1034 1258 anpietas
1075 1190 1217 1250 aun,
1233 1189 1316 1249 nec
1341 1189 1523 1249 iunna
1574 1190 1739 1250 tervent

519 1297 629 1357 Vtque
649 1284 759 1344 locum
834 1269 983 1329 releres
1039 1260 1280 1320 venerunt
1327 1257 1503 1317 agmine
1540 1256 1679 1316 tanto

531 1364 638 1424 Quo
682 1346 978 1406 menatores
1022 1335 1166 1395 adant
1238 1332 1327 1392 mox
1362 1332 1577 1392 constitit
1613 1333 1747 1393 iunis

512 1432 719 1492 Caetus,
739 1421 837 1481 atque
866 1415 975 1475 ferex
1025 1409 1123 1469 illos
1162 1406 1290 1466 affatu
1330 1406 1518 1466 Judas¬

473 1505 532 1565 es
561 1502 648 1562 voge
686 1497 783 1557 num
861 1488 1036 1548 pressus
1085 1481 1260 1541 gantes
1298 1479 1357 1539 sis
1376 1479 1454 1539 tite
1494 1483 1669 1543 annice¬

511 1572 738 1632 Quidue
774 1568 909 1628 feram
980 1561 1088 1621 vobis
1137 1556 1287 1616 pancis
1336 1554 1564 1614 attendite
1607 1558 1693 1618 quaeso.

504 1649 563 1709 Si
597 1643 833 1703 famulum
900 1635 1061 1695 cupitis
1120 1630 1255 1690 paruo
1305 1629 1508 1689 vetinere
1542 1631 1694 1691 fidelem

527 1712 716 1772 Iusionem
787 1707 992 1767 forma,
1016 1702 1190 1762 pleridis
1229 1700 1292 1760 nec
1339 1699 1552 1759 moribus
1599 1701 1695 1761 Volli¬

514 1788 739 1848 Cedentem
802 1778 1099 1838 inuenum,
1115 1774 1172 1834 bis
1212 1772 1324 1832 denos
1356 1769 1532 1829 pendite
1572 1767 1733 1827 mumos.

462 1868 541 1928 Ast
579 1853 877 1913 Madianitae
908 1849 1049 1909 postqi
1080 1849 1300 1909 audinere
1331 1844 1550 1904 loquentem

517 1925 812 1985 Consistunt
862 1917 1097 1977 pedibus,
1117 1916 1383 1976 inuenemque
1413 1918 1586 1978 tuenter
1606 1922 1708 1982 sosept

520 2000 568 2060 Vt
603 1995 776 2055 placuit
825 1991 977 2051 vultus
1025 1990 1066 2050 et
1115 1990 1261 2050 muntia
1309 1991 1468 2051 corpora
1523 1995 1675 2055 mentis

1171 2015 1205 2075 1.
1188 2015 1320 2075 nuenili
491 2075 568 2135 Atque
598 2062 798 2122 inpenitu
837 2056 998 2116 vident
1052 2057 1236 2117 placidos
1267 2060 1306 2120 in
1344 2063 1498 2123 corpore
1536 2065 1697 2125 mores,

508 2138 741 2198 Accipiunt
780 2125 956 2185 emptum
1023 2125 1140 2185 atque
1169 2129 1344 2189 argenti
1363 2134 1509 2194 ponda
1547 2138 1732 2198 soluunt.

435 2222 455 2282 E
527 2207 722 2267 quantum
774 2200 949 2260 doluat,
969 2200 1154 2260 gemitus
1195 2203 1215 2263 e
1256 2204 1410 2264 pectore
1452 2205 1585 2265 quales
