2000 2581
478 152 598 212 Quid
648 153 799 213 neruit
837 153 957 213 collum
1007 154 1240 214 tenerum,
1259 156 1442 216 nollesue
1473 158 1612 218 lacerti

497 217 596 277 Quod
637 219 819 279 meruere
860 220 1025 280 refas,
1042 222 1116 282 quo
1157 224 1223 284 vos
1256 226 1313 286 ego
1347 231 1520 291 crimine
1545 236 1643 296 lesi¬

488 291 538 351 Vt
571 291 696 351 rigida
746 291 913 351 insontis
954 292 1163 352 stangant
1204 295 1288 355 num
1355 301 1505 361 vimula
1538 309 1655 369 collum

483 357 584 417 Num
644 360 705 420 ego
745 361 816 421 qui
846 362 1049 422 quendam
1109 363 1210 423 liber
1260 367 1423 427 seruire
1453 377 1626 437 dorebor.

479 431 627 491 Odeus
658 433 924 493 omnipotens
963 432 1034 492 qui
1065 432 1175 492 sumo
1214 434 1409 494 culmre
1441 443 1551 503 coeli¬

501 503 750 563 Dnmiscius
790 504 967 564 residens
1016 503 1200 563 plustras
1240 504 1409 564 lumune
1441 510 1642 570 nnta¬

493 579 679 639 Insontem
741 577 897 637 serua,
920 576 990 636 tua
1037 576 1107 636 nec
1154 575 1201 635 in
1254 574 1395 634 patia
1442 573 1543 633 desit

493 657 541 717 t
569 655 723 715 patiens
771 652 886 712 possim
933 650 1078 710 rigidos
1125 647 1317 707 telerare
1355 644 1546 704 labores.

405 737 502 797 Hec
545 732 614 792 vbi
641 729 763 789 dicta
815 724 972 784 dedit,
990 721 1138 781 tamen
1172 718 1277 778 haud
1320 716 1407 776 qina
1460 715 1555 775 mota
1591 713 1643 773 est

474 805 737 865 Eratrum,
753 804 806 864 sex
845 800 1016 860 reudelis
1062 795 1217 855 vesidet
1264 792 1325 852 sut
1364 790 1542 850 pectore
1573 791 1766 851 texunis.

479 879 745 939 Diffaginat
795 874 953 934 releres
1011 870 1236 930 repetunt
1277 865 1494 925 romunia
1543 860 1694 920 caepta¬

497 951 605 1011 Atque
620 948 721 1008 nono
760 946 891 1006 ressum
945 945 1239 1005 conturbant
1285 942 1432 1002 athera
1470 938 1595 998 cantu

486 1027 534 1087 At
575 1017 873 1077 Madianitae
915 1017 970 1077 cen
1025 1019 1136 1079 capto
1178 1021 1364 1081 vimula
1413 1019 1509 1079 dura

486 1092 702 1152 Aptantes
750 1088 873 1148 Nili
901 1087 948 1147 ad
1005 1087 1232 1147 septensua
1278 1089 1457 1149 fmmmina
1505 1098 1675 1158 tendunt

427 1166 588 1226 Iinterea
645 1162 870 1222 Ruben,
886 1162 966 1222 qui
990 1163 1128 1223 tanto
1167 1166 1361 1226 crimine
1400 1169 1578 1229 fratrum

472 1234 690 1294 Defuit,
710 1230 740 1290 et
790 1230 968 1290 puerum
1028 1234 1237 1294 5tuduit
1297 1241 1475 1301 seruare
1505 1247 1674 1307 paventi

494 1304 542 1364 Ad
591 1302 712 1362 facta
752 1302 906 1362 puterm
971 1305 1140 1365 rediit,
1156 1309 1220 1369 nec
1269 1313 1358 1373 fuem
1415 1320 1584 1380 repperit
1625 1328 1729 1388 veqe

469 1374 617 1434 Sepius
660 1374 900 1434 inclamat
992 1381 1169 1441 viridis
1218 1387 1296 1447 dum
1360 1393 1544 1453 contaua
1593 1398 1720 1458 fentis

482 1440 719 1500 Inuorat,
747 1445 861 1505 atque
879 1450 1028 1510 simul
1064 1457 1205 1517 spluas
1250 1465 1470 1525 ramposque
1505 1474 1682 1534 patentes

479 1511 742 1571 Inclamans
792 1521 1006 1581 implet,
1026 1532 1241 1592 resonatur
1271 1540 1300 1600 in
1348 1546 1553 1606 montibus
1593 1549 1710 1609 Eehe.

479 1582 524 1642 Vt
561 1583 755 1643 quondam
809 1590 911 1650 ferte
957 1599 1114 1659 Preggia
1150 1605 1177 1665 in
1206 1613 1473 1673 Tirgnthius
1518 1615 1656 1675 Heros

487 1653 735 1713 Insomisse
772 1661 887 1721 ferex
935 1669 1020 1729 dum
1077 1679 1257 1739 infaelix
1306 1687 1476 1747 inuocat
1525 1691 1705 1751 Hplam.

493 1729 642 1789 tocibus
683 1733 799 1793 hand
832 1738 955 1798 aliter
995 1745 1158 1805 Laben
1206 1753 1287 1813 num
1363 1760 1512 1820 omnia
1552 1766 1709 1826 cempet

473 1808 524 1868 Et
567 1808 747 1868 gemitus
797 1814 1054 1874 lachirynis
1097 1824 1294 1884 gungtos
1336 1832 1507 1892 pectore
1542 1838 1687 1898 durit¬

481 1885 577 1945 Nec
612 1884 761 1944 modo
797 1886 875 1946 quo
920 1889 1051 1949 pperet
1104 1898 1289 1958 nouit,
1315 1905 1385 1965 quo
1420 1913 1605 1973 tranite
1640 1923 1771 1983 fratre

476 1955 724 2015 Inueniat
786 1962 1061 2022 inerum,
1088 1969 1288 2029 suprema
1336 1978 1571 2038 cammina
1612 1990 1756 2050 montis

477 2029 647 2089 Angius
684 2034 935 2094 ascendit,
962 2042 1168 2102 seuarum
1232 2050 1375 2110 lustra
1429 2059 1599 2119 feratur

457 2102 655 2162 Intrat,
676 2105 696 2165 &a
748 2110 956 2170 auissum
1030 2119 1227 2179 frustra
1279 2129 1487 2189 vestigat
1540 2135 1695 2195 Poseph.
