2000 2581
882 146 1036 206 Nae
1098 145 1144 205 1N

460 218 708 278 Nestarilis
745 215 873 275 retiret
917 214 1098 274 Raphidim
1150 212 1218 272 num
1271 211 1376 271 gente
1413 209 1571 269 paterna

510 298 607 358 Quo
640 293 667 353 te
699 289 796 349 nune
850 287 996 347 primun
1066 287 1174 347 cara
1217 286 1358 346 venire
1406 282 1535 342 velim.

440 373 586 433 Ampilio
613 362 704 422 soeri
731 359 860 419 poteris
896 359 978 419 mea
1024 360 1143 420 castra
1180 363 1316 423 videre

502 437 608 497 Ext.
624 434 665 494 hi
689 432 796 492 modo
828 429 926 489 inest
959 429 1008 489 aio
1049 429 1123 489 non
1155 431 1384 491 simulatus
1417 440 1539 500 amor.

455 511 535 571 Eac
580 508 713 568 venias
758 502 864 562 veleg
910 499 1079 559 sime,
1096 498 1123 558 si
1150 500 1310 560 pignora
1354 509 1470 569 caras

507 584 612 644 Que
650 577 786 637 trabuit
823 574 937 634 nobis
989 573 1162 633 dextra,
1177 574 1328 634 bemona
1381 576 1471 636 Dei.

463 661 532 721 Cum
593 650 754 710 referam
815 642 984 702 fueritt
1037 641 1114 701 quos
1160 642 1267 702 ferre
1297 645 1436 705 neresse
1459 652 1596 712 labores

495 733 606 793 Que
633 724 702 784 mun
753 718 883 778 cunta
925 717 995 777 tibi
1038 717 1193 777 scribere
1227 720 1322 780 lorga
1357 724 1452 784 mora
1486 727 1563 787 est.

469 801 538 861 Tum
609 792 725 852 disces
765 787 874 847 rubeo
904 786 1107 846 coniptum
1177 790 1387 850 sanguine
1426 800 1550 860 Nilum

501 868 558 928 Ee
597 861 750 921 perndum
798 857 943 917 postes,
971 857 1191 917 fulgura,
1210 863 1413 923 fulmen,
1432 872 1575 932 aquas.

452 940 732 1000 Serpentesque
750 929 872 989 tares
927 927 1208 987 Qamantes
1245 934 1404 994 humida
1451 945 1610 1005 ranas,

564 984 633 1044 Ata
696 973 754 1033 e
788 965 926 1025 constit
984 964 1088 1024 terra
1140 967 1284 1027 repleta
1347 973 1428 1033 fuit

478 1084 602 1144 Benig
663 1077 811 1137 functo
861 1073 1070 1133 suberersum
1120 1075 1267 1135 purgite
1305 1082 1416 1142 Regem

509 1158 596 1218 Dum
648 1149 772 1209 velrite
808 1147 910 1207 releri
954 1147 1034 1207 post
1071 1149 1151 1209 mea
1202 1154 1333 1214 rastra
1377 1160 1457 1220 rota

347 1241 415 1301 tum
455 1233 465 1293 A
553 1223 651 1283 vaga
701 1218 888 1278 delaprum
956 1218 1015 1278 per
1044 1220 1133 1280 raeli
1163 1224 1310 1284 nubila
1350 1229 1467 1289 panem

517 1301 626 1361 Quo
665 1290 790 1350 passit
828 1287 1000 1347 dominus
1054 1291 1210 1351 Manna
1264 1299 1404 1359 videre
1435 1305 1552 1365 potes.

472 1377 570 1437 Tunc
601 1368 660 1428 ego
699 1362 878 1422 consueto
927 1360 1036 1420 terum
1085 1364 1174 1424 bene
1214 1372 1381 1432 iuntus
1411 1383 1530 1443 anore

511 1445 627 1505 Qux
665 1434 800 1494 tulerim
859 1432 974 1492 potero
1013 1434 1148 1494 dicere
1186 1442 1321 1502 quaeque
1340 1450 1485 1510 feram.

483 1513 555 1573 cum
608 1504 734 1564 possum
789 1502 905 1562 coram
949 1506 1049 1566 dilec
1066 1510 1129 1570 tos
1165 1518 1344 1578 ternere
1372 1528 1534 1588 natos,

508 1588 595 1648 Hei
629 1580 707 1640 proc
751 1576 794 1636 vt
846 1576 967 1636 pperet
1028 1579 1115 1639 leta
1167 1585 1323 1645 venire
1349 1591 1454 1651 dies.

461 1670 505 1730 Tu
551 1661 678 1721 tamen
730 1654 879 1714 interea
940 1651 1096 1711 faelicia
1134 1653 1314 1713 tempora
1366 1661 1493 1721 vine.

1231 1707 1327 1767 nulla
501 1739 548 1799 Et
595 1732 655 1792 fac
695 1728 904 1788 aduentus
964 1728 1005 1788 sit
1051 1730 1159 1790 mora
1212 1732 1225 1792 d
1387 1737 1480 1797 tui.

463 1818 546 1878 Sie
577 1810 671 1870 sorer
691 1804 951 1864 imolumis,
972 1805 1023 1865 sic
1064 1807 1097 1867 et
1117 1808 1158 1868 sit
1200 1811 1241 1871 ti
1263 1815 1376 1875 turta
1417 1821 1552 1881 soropur

503 1892 665 1952 Salua,
710 1884 756 1944 sit
792 1882 945 1942 angilio
1000 1882 1053 1942 sic
1090 1884 1162 1944 tibi
1198 1887 1297 1947 Dina
1343 1893 1496 1953 manus

649 1997 920 2057 MAR1A
1011 2001 1282 2061 NO51.

503 2093 591 2153 Quam
634 2088 704 2148 sibi
731 2085 827 2145 ferre
862 2084 949 2144 neqi
1002 2084 1141 2144 fratri
1168 2086 1352 2146 permana
1387 2089 1527 2149 salutem

504 2164 663 2224 Mittit,
692 2158 728 2218 et
764 2154 887 2214 aegrota
938 2153 1053 2213 verba
1104 2153 1241 2213 notata
1284 2155 1435 2215 manu.
