<?xml version="1.0" encoding="UTF-8" standalone="yes"?>
<PcGts xmlns="http://schema.primaresearch.org/PAGE/gts/pagecontent/2013-07-15" xmlns:xsi="http://www.w3.org/2001/XMLSchema-instance" xsi:schemaLocation="http://schema.primaresearch.org/PAGE/gts/pagecontent/2013-07-15 http://schema.primaresearch.org/PAGE/gts/pagecontent/2013-07-15/pagecontent.xsd">
    <Metadata>
        <Creator>prov=READ-COOP:name=PyLaia@TranskribusPlatform:version=0.3.9:model_id=27337:lm=none:date=09_03_2021_13:57
prov=READ-Coop:name=PyLaia@Transkribus:version=0.3.9:model_id=27337:lm=none:date=09_03_2021_13:57
prov=University of Rostock/Institute of Mathematics/CITlab|PLANET AI GmbH/Tobias Gruening/tobias.gruening@planet-ai.de:name=de.uros.citlab.module.baseline2polygon.B2PSeamMultiOriented:v=2.6.7</Creator>
        <Created>2021-03-09T13:06:27.367+01:00</Created>
        <LastChange>2021-03-09T15:19:35.414+01:00</LastChange>
        <TranskribusMetadata docId="625925" pageId="24647196" pageNr="2" tsid="53479363" status="GT" userId="10592" imgUrl="https://files.transkribus.eu/Get?id=OCUVFNKSHTFQMOGARDQRKCOA&amp;fileType=view" xmlUrl="https://files.transkribus.eu/Get?id=OLTVVKOWVIUCBUONZVDVJXFV" imageId="18988618"/>
    </Metadata>
    <Page imageFilename="1111638.jpeg" imageWidth="2000" imageHeight="2581">
        <ReadingOrder>
            <OrderedGroup id="ro_1621678195573" caption="Regions reading order">
                <RegionRefIndexed index="0" regionRef="r2"/>
            </OrderedGroup>
        </ReadingOrder>
        <TextRegion orientation="0.0" id="r2" custom="readingOrder {index:0;}">
            <Coords points="483,223 483,2135 1621,2135 1621,223"/>
            <TextLine id="r2l1" custom="readingOrder {index:0;}">
                <Coords points="476,275 606,273 670,296 744,255 814,277 876,261 981,297 1023,257 1039,267 1059,249 1121,292 1186,259 1260,280 1300,267 1377,277 1435,253 1435,195 1402,191 1342,215 1300,197 1280,214 1248,205 1180,226 1156,210 1099,214 1070,187 994,204 919,180 876,203 822,186 791,202 695,182 624,195 585,219 540,199 475,212 476,275"/>
                <Baseline points="483,263 530,261 577,259 624,258 672,256 719,255 766,253 813,252 861,252 908,251 955,250 1002,250 1050,250 1097,250 1144,251 1191,252 1239,253 1286,254 1333,255 1380,257 1428,259"/>
                <Word id="r2l1_w1" custom="readingOrder {index:0;}">
                    <Coords points="492,220 492,280 610,280 610,220"/>
                    <TextEquiv>
                        <Unicode>Quod</Unicode>
                    </TextEquiv>
                </Word>
                <Word id="r2l1_w2" custom="readingOrder {index:1;}">
                    <Coords points="637,216 637,276 664,276 664,216"/>
                    <TextEquiv>
                        <Unicode>si</Unicode>
                    </TextEquiv>
                </Word>
                <Word id="r2l1_w3" custom="readingOrder {index:2;}">
                    <Coords points="682,213 682,273 827,273 827,213"/>
                    <TextEquiv>
                        <Unicode>sanctus</Unicode>
                    </TextEquiv>
                </Word>
                <Word id="r2l1_w4" custom="readingOrder {index:3;}">
                    <Coords points="854,210 854,270 963,270 963,210"/>
                    <TextEquiv>
                        <Unicode>erit,</Unicode>
                    </TextEquiv>
                </Word>
                <Word id="r2l1_w5" custom="readingOrder {index:4;}">
                    <Coords points="981,210 981,270 1008,270 1008,210"/>
                    <TextEquiv>
                        <Unicode>si</Unicode>
                    </TextEquiv>
                </Word>
                <Word id="r2l1_w6" custom="readingOrder {index:5;}">
                    <Coords points="1027,210 1027,270 1099,270 1099,210"/>
                    <TextEquiv>
                        <Unicode>leges</Unicode>
                    </TextEquiv>
                </Word>
                <Word id="r2l1_w7" custom="readingOrder {index:6;}">
                    <Coords points="1135,212 1135,272 1253,272 1253,212"/>
                    <TextEquiv>
                        <Unicode>seruat</Unicode>
                    </TextEquiv>
                </Word>
                <Word id="r2l1_w8" custom="readingOrder {index:7;}">
                    <Coords points="1289,215 1289,275 1416,275 1416,215"/>
                    <TextEquiv>
                        <Unicode>honesti</Unicode>
                    </TextEquiv>
                </Word>
                <TextEquiv>
                    <Unicode>Quod si sanctus erit, si leges servat honesti,</Unicode>
                </TextEquiv>
            </TextLine>
            <TextLine id="r2l2" custom="readingOrder {index:1;}">
                <Coords points="550,339 635,325 689,340 761,330 784,307 825,339 849,326 963,332 1091,315 1202,338 1261,317 1393,334 1426,332 1425,286 1386,271 1332,293 1282,267 1260,280 1207,266 1153,269 1124,292 1061,249 967,296 900,269 868,290 835,262 777,285 726,265 668,297 633,268 571,285 549,277 550,339"/>
                <Baseline points="557,323 600,320 643,318 686,316 729,314 772,312 815,311 858,311 901,310 944,310 988,310 1031,310 1074,310 1117,311 1160,311 1203,312 1246,313 1289,314 1332,315 1375,316 1419,317"/>
                <Word id="r2l2_w1" custom="readingOrder {index:0;}">
                    <Coords points="558,280 558,340 635,340 635,280"/>
                    <TextEquiv>
                        <Unicode>Vil</Unicode>
                    </TextEquiv>
                </Word>
                <Word id="r2l2_w2" custom="readingOrder {index:1;}">
                    <Coords points="667,274 667,334 764,334 764,274"/>
                    <TextEquiv>
                        <Unicode>nobis</Unicode>
                    </TextEquiv>
                </Word>
                <Word id="r2l2_w3" custom="readingOrder {index:2;}">
                    <Coords points="816,270 816,330 944,330 944,270"/>
                    <TextEquiv>
                        <Unicode>darn</Unicode>
                    </TextEquiv>
                </Word>
                <Word id="r2l2_w4" custom="readingOrder {index:3;}">
                    <Coords points="990,270 990,330 1067,330 1067,270"/>
                    <TextEquiv>
                        <Unicode>quod</Unicode>
                    </TextEquiv>
                </Word>
                <Word id="r2l2_w5" custom="readingOrder {index:4;}">
                    <Coords points="1106,272 1106,332 1313,332 1313,272"/>
                    <TextEquiv>
                        <Unicode>metuamus</Unicode>
                    </TextEquiv>
                </Word>
                <Word id="r2l2_w6" custom="readingOrder {index:5;}">
                    <Coords points="1345,276 1345,336 1416,336 1416,276"/>
                    <TextEquiv>
                        <Unicode>erit</Unicode>
                    </TextEquiv>
                </Word>
                <TextEquiv>
                    <Unicode>Nil nobis damni, quod metuamus, erit</Unicode>
                </TextEquiv>
            </TextLine>
            <TextLine id="r2l3" custom="readingOrder {index:2;}">
                <Coords points="489,403 549,407 568,395 587,409 615,389 650,388 713,423 777,387 908,379 944,392 1017,369 1150,416 1194,392 1309,394 1343,370 1365,385 1489,395 1489,355 1261,319 1199,347 1133,330 1091,348 1064,331 1005,350 935,322 904,348 808,343 784,321 707,350 633,324 563,346 532,323 489,323 489,403"/>
                <Baseline points="495,384 544,380 593,378 643,376 692,374 741,372 791,370 840,369 889,369 939,368 988,368 1037,368 1087,368 1136,369 1185,370 1235,371 1284,372 1333,374 1383,376 1432,378 1482,380"/>
                <Word id="r2l3_w1" custom="readingOrder {index:0;}">
                    <Coords points="504,341 504,401 557,401 557,341"/>
                    <TextEquiv>
                        <Unicode>At</Unicode>
                    </TextEquiv>
                </Word>
                <Word id="r2l3_w2" custom="readingOrder {index:1;}">
                    <Coords points="591,337 591,397 617,397 617,337"/>
                    <TextEquiv>
                        <Unicode>s.</Unicode>
                    </TextEquiv>
                </Word>
                <Word id="r2l3_w3" custom="readingOrder {index:2;}">
                    <Coords points="661,332 661,392 774,392 774,332"/>
                    <TextEquiv>
                        <Unicode>(quod</Unicode>
                    </TextEquiv>
                </Word>
                <Word id="r2l3_w4" custom="readingOrder {index:3;}">
                    <Coords points="818,329 818,389 949,389 949,329"/>
                    <TextEquiv>
                        <Unicode>xeor)</Unicode>
                    </TextEquiv>
                </Word>
                <Word id="r2l3_w5" custom="readingOrder {index:4;}">
                    <Coords points="975,328 975,388 1193,388 1193,328"/>
                    <TextEquiv>
                        <Unicode>rentempto</Unicode>
                    </TextEquiv>
                </Word>
                <Word id="r2l3_w6" custom="readingOrder {index:5;}">
                    <Coords points="1236,331 1236,391 1315,391 1315,331"/>
                    <TextEquiv>
                        <Unicode>inue</Unicode>
                    </TextEquiv>
                </Word>
                <Word id="r2l3_w7" custom="readingOrder {index:6;}">
                    <Coords points="1359,336 1359,396 1454,396 1454,336"/>
                    <TextEquiv>
                        <Unicode>viuit</Unicode>
                    </TextEquiv>
                </Word>
                <TextEquiv>
                    <Unicode>At si ( quod vereor ) contempto numine vivit,</Unicode>
                </TextEquiv>
            </TextLine>
            <TextLine id="r2l4" custom="readingOrder {index:3;}">
                <Coords points="587,448 622,447 641,463 696,459 715,442 762,460 797,441 881,464 945,432 968,445 1181,432 1233,455 1272,442 1303,461 1343,439 1380,471 1428,459 1452,475 1501,467 1500,397 1410,389 1373,411 1340,389 1293,410 1158,393 1139,411 1072,396 1042,410 929,409 903,383 875,380 828,408 758,396 712,422 637,402 587,448"/>
                <Baseline points="594,447 639,443 684,440 729,438 774,435 819,434 864,432 909,431 954,430 999,429 1044,429 1089,429 1134,429 1179,430 1224,430 1269,432 1314,433 1359,435 1404,437 1449,438 1494,441"/>
                <Word id="r2l4_w1" custom="readingOrder {index:0;}">
                    <Coords points="603,399 603,459 808,459 808,399"/>
                    <TextEquiv>
                        <Unicode>Qualiter</Unicode>
                    </TextEquiv>
                </Word>
                <Word id="r2l4_w2" custom="readingOrder {index:1;}">
                    <Coords points="861,391 861,451 914,451 914,391"/>
                    <TextEquiv>
                        <Unicode>hec</Unicode>
                    </TextEquiv>
                </Word>
                <Word id="r2l4_w3" custom="readingOrder {index:2;}">
                    <Coords points="941,389 941,449 1060,449 1060,389"/>
                    <TextEquiv>
                        <Unicode>maior</Unicode>
                    </TextEquiv>
                </Word>
                <Word id="r2l4_w4" custom="readingOrder {index:3;}">
                    <Coords points="1093,389 1093,449 1225,449 1225,389"/>
                    <TextEquiv>
                        <Unicode>viuere</Unicode>
                    </TextEquiv>
                </Word>
                <Word id="r2l4_w5" custom="readingOrder {index:4;}">
                    <Coords points="1258,392 1258,452 1358,452 1358,392"/>
                    <TextEquiv>
                        <Unicode>turba</Unicode>
                    </TextEquiv>
                </Word>
                <Word id="r2l4_w6" custom="readingOrder {index:5;}">
                    <Coords points="1390,397 1390,457 1497,457 1497,397"/>
                    <TextEquiv>
                        <Unicode>solet)</Unicode>
                    </TextEquiv>
                </Word>
                <TextEquiv>
                    <Unicode>( Qualiter, hei, maior vivere turba solet )</Unicode>
                </TextEquiv>
            </TextLine>
            <TextLine id="r2l5" custom="readingOrder {index:4;}">
                <Coords points="476,513 521,510 561,533 589,514 709,514 750,486 910,530 985,496 1109,490 1166,500 1208,537 1236,519 1353,504 1413,526 1481,509 1560,535 1559,474 1507,464 1489,480 1402,483 1344,439 1310,460 1247,444 1198,471 1165,461 1140,472 1060,451 988,473 933,453 872,465 802,451 752,472 628,463 618,474 531,443 512,458 476,447 476,513"/>
                <Baseline points="483,506 536,503 590,501 643,498 697,497 750,495 804,493 857,492 911,491 964,490 1018,490 1071,490 1125,490 1178,491 1232,492 1285,493 1339,495 1392,497 1446,500 1499,504 1553,507"/>
                <Word id="r2l5_w1" custom="readingOrder {index:0;}">
                    <Coords points="493,460 493,520 710,520 710,460"/>
                    <TextEquiv>
                        <Unicode>Externos</Unicode>
                    </TextEquiv>
                </Word>
                <Word id="r2l5_w2" custom="readingOrder {index:1;}">
                    <Coords points="765,452 765,512 926,512 926,452"/>
                    <TextEquiv>
                        <Unicode>peregris</Unicode>
                    </TextEquiv>
                </Word>
                <Word id="r2l5_w3" custom="readingOrder {index:2;}">
                    <Coords points="975,450 975,510 1052,510 1052,450"/>
                    <TextEquiv>
                        <Unicode>quis</Unicode>
                    </TextEquiv>
                </Word>
                <Word id="r2l5_w4" custom="readingOrder {index:3;}">
                    <Coords points="1101,450 1101,510 1163,510 1163,450"/>
                    <TextEquiv>
                        <Unicode>nos</Unicode>
                    </TextEquiv>
                </Word>
                <Word id="r2l5_w5" custom="readingOrder {index:4;}">
                    <Coords points="1213,453 1213,513 1373,513 1373,453"/>
                    <TextEquiv>
                        <Unicode>seruabit</Unicode>
                    </TextEquiv>
                </Word>
                <Word id="r2l5_w6" custom="readingOrder {index:5;}">
                    <Coords points="1408,458 1408,518 1430,518 1430,458"/>
                    <TextEquiv>
                        <Unicode>in</Unicode>
                    </TextEquiv>
                </Word>
                <Word id="r2l5_w7" custom="readingOrder {index:6;}">
                    <Coords points="1450,463 1450,523 1527,523 1527,463"/>
                    <TextEquiv>
                        <Unicode>oris</Unicode>
                    </TextEquiv>
                </Word>
                <TextEquiv>
                    <Unicode>Externos peregris quis nos servabit in oris.</Unicode>
                </TextEquiv>
            </TextLine>
            <TextLine id="r2l6" custom="readingOrder {index:5;}">
                <Coords points="561,581 823,554 869,570 899,551 936,579 967,568 989,578 1039,549 1132,584 1160,563 1222,555 1271,592 1335,572 1396,587 1447,581 1447,520 1402,527 1382,511 1347,522 1330,510 1301,536 1269,516 1203,536 1162,500 1141,497 1102,525 1055,526 1001,495 962,525 939,516 876,531 832,518 775,537 711,524 652,545 590,515 560,524 561,581"/>
                <Baseline points="567,569 610,565 654,561 698,558 741,555 785,552 829,550 872,549 916,548 960,547 1004,547 1047,547 1091,548 1135,549 1178,550 1222,551 1266,553 1309,555 1353,558 1397,560 1441,563"/>
                <Word id="r2l6_w1" custom="readingOrder {index:0;}">
                    <Coords points="566,522 566,582 709,582 709,522"/>
                    <TextEquiv>
                        <Unicode>bris</Unicode>
                    </TextEquiv>
                </Word>
                <Word id="r2l6_w2" custom="readingOrder {index:1;}">
                    <Coords points="750,511 750,571 843,571 843,511"/>
                    <TextEquiv>
                        <Unicode>nobis</Unicode>
                    </TextEquiv>
                </Word>
                <Word id="r2l6_w3" custom="readingOrder {index:2;}">
                    <Coords points="893,507 893,567 994,567 994,507"/>
                    <TextEquiv>
                        <Unicode>vires</Unicode>
                    </TextEquiv>
                </Word>
                <Word id="r2l6_w4" custom="readingOrder {index:3;}">
                    <Coords points="1036,509 1036,569 1280,569 1280,509"/>
                    <TextEquiv>
                        <Unicode>consiliumqu</Unicode>
                    </TextEquiv>
                </Word>
                <Word id="r2l6_w5" custom="readingOrder {index:4;}">
                    <Coords points="1313,518 1313,578 1422,578 1422,518"/>
                    <TextEquiv>
                        <Unicode>dabit</Unicode>
                    </TextEquiv>
                </Word>
                <TextEquiv>
                    <Unicode>Quis nobis vires consiliumque dabit?</Unicode>
                </TextEquiv>
            </TextLine>
            <TextLine id="r2l7" custom="readingOrder {index:6;}">
                <Coords points="487,670 553,667 586,635 704,615 722,626 822,616 837,604 872,622 907,611 969,654 1003,623 1043,651 1107,629 1186,644 1200,630 1274,627 1330,653 1376,630 1462,632 1462,569 1408,591 1354,590 1335,572 1283,594 1251,572 1232,584 1178,564 1113,582 1071,555 957,591 889,564 844,593 791,577 708,594 686,576 589,595 515,559 487,578 487,670"/>
                <Baseline points="493,623 541,620 589,618 637,616 685,614 733,612 781,611 829,610 877,609 925,608 974,608 1022,608 1070,608 1118,608 1166,609 1214,610 1262,612 1310,614 1358,616 1406,619 1455,622"/>
                <Word id="r2l7_w1" custom="readingOrder {index:0;}">
                    <Coords points="496,579 496,639 595,639 595,579"/>
                    <TextEquiv>
                        <Unicode>pse</Unicode>
                    </TextEquiv>
                </Word>
                <Word id="r2l7_w2" custom="readingOrder {index:1;}">
                    <Coords points="626,575 626,635 694,635 694,575"/>
                    <TextEquiv>
                        <Unicode>tuae</Unicode>
                    </TextEquiv>
                </Word>
                <Word id="r2l7_w3" custom="readingOrder {index:2;}">
                    <Coords points="714,571 714,631 834,631 834,571"/>
                    <TextEquiv>
                        <Unicode>matio</Unicode>
                    </TextEquiv>
                </Word>
                <Word id="r2l7_w4" custom="readingOrder {index:3;}">
                    <Coords points="874,568 874,628 914,628 914,568"/>
                    <TextEquiv>
                        <Unicode>ne</Unicode>
                    </TextEquiv>
                </Word>
                <Word id="r2l7_w5" custom="readingOrder {index:4;}">
                    <Coords points="963,568 963,628 1073,628 1073,568"/>
                    <TextEquiv>
                        <Unicode>propti</Unicode>
                    </TextEquiv>
                </Word>
                <Word id="r2l7_w6" custom="readingOrder {index:5;}">
                    <Coords points="1113,569 1113,629 1272,629 1272,569"/>
                    <TextEquiv>
                        <Unicode>mumera</Unicode>
                    </TextEquiv>
                </Word>
                <Word id="r2l7_w7" custom="readingOrder {index:6;}">
                    <Coords points="1311,577 1311,637 1460,637 1460,577"/>
                    <TextEquiv>
                        <Unicode>formae</Unicode>
                    </TextEquiv>
                </Word>
                <TextEquiv>
                    <Unicode>Ipse, tuae, metuo, ne propter munera formae</Unicode>
                </TextEquiv>
            </TextLine>
            <TextLine id="r2l8" custom="readingOrder {index:7;}">
                <Coords points="571,710 610,712 674,682 702,692 758,667 830,711 850,692 913,695 952,665 997,687 1041,669 1132,674 1152,694 1173,685 1203,706 1305,682 1369,723 1420,693 1512,704 1512,642 1431,652 1396,637 1347,662 1275,628 1203,651 1118,655 1077,636 1041,651 1006,622 955,652 888,612 820,642 753,650 651,629 571,636 571,710"/>
                <Baseline points="578,689 624,683 670,679 717,675 763,672 809,670 856,669 902,668 948,668 995,668 1041,669 1087,669 1134,671 1180,672 1226,674 1273,675 1319,677 1365,678 1412,680 1458,681 1505,682"/>
                <Word id="r2l8_w1" custom="readingOrder {index:0;}">
                    <Coords points="575,640 575,700 732,700 732,640"/>
                    <TextEquiv>
                        <Unicode>perditus</Unicode>
                    </TextEquiv>
                </Word>
                <Word id="r2l8_w2" custom="readingOrder {index:1;}">
                    <Coords points="776,629 776,689 925,689 925,629"/>
                    <TextEquiv>
                        <Unicode>inforlix</Unicode>
                    </TextEquiv>
                </Word>
                <Word id="r2l8_w3" custom="readingOrder {index:2;}">
                    <Coords points="977,629 977,689 1127,689 1127,629"/>
                    <TextEquiv>
                        <Unicode>damna</Unicode>
                    </TextEquiv>
                </Word>
                <Word id="r2l8_w4" custom="readingOrder {index:3;}">
                    <Coords points="1178,634 1178,694 1327,694 1327,634"/>
                    <TextEquiv>
                        <Unicode>reuenta</Unicode>
                    </TextEquiv>
                </Word>
                <Word id="r2l8_w5" custom="readingOrder {index:4;}">
                    <Coords points="1380,640 1380,700 1491,700 1491,640"/>
                    <TextEquiv>
                        <Unicode>feram</Unicode>
                    </TextEquiv>
                </Word>
                <TextEquiv>
                    <Unicode>Perditus infoelix damna cruenta feram.</Unicode>
                </TextEquiv>
            </TextLine>
            <TextLine id="r2l9" custom="readingOrder {index:8;}">
                <Coords points="526,773 567,762 598,779 677,763 741,730 813,744 851,728 905,750 947,736 976,753 1024,746 1103,774 1158,746 1410,765 1460,783 1506,779 1506,711 1383,722 1347,715 1305,682 1267,706 1227,694 1196,714 1118,696 970,711 901,695 828,711 755,677 722,707 691,701 602,724 526,677 526,773"/>
                <Baseline points="533,754 581,747 629,742 677,737 726,734 774,731 822,729 871,729 919,728 967,729 1016,729 1064,731 1112,732 1160,734 1209,735 1257,737 1305,739 1354,740 1402,741 1450,742 1499,743"/>
                <Word id="r2l9_w1" custom="readingOrder {index:0;}">
                    <Coords points="523,703 523,763 700,763 700,703"/>
                    <TextEquiv>
                        <Unicode>Peiners</Unicode>
                    </TextEquiv>
                </Word>
                <Word id="r2l9_w2" custom="readingOrder {index:1;}">
                    <Coords points="741,690 741,750 838,750 838,690"/>
                    <TextEquiv>
                        <Unicode>forte</Unicode>
                    </TextEquiv>
                </Word>
                <Word id="r2l9_w3" custom="readingOrder {index:2;}">
                    <Coords points="886,688 886,748 943,748 943,688"/>
                    <TextEquiv>
                        <Unicode>tur</Unicode>
                    </TextEquiv>
                </Word>
                <Word id="r2l9_w4" custom="readingOrder {index:3;}">
                    <Coords points="975,691 975,751 1168,751 1168,691"/>
                    <TextEquiv>
                        <Unicode>correptus</Unicode>
                    </TextEquiv>
                </Word>
                <Word id="r2l9_w5" custom="readingOrder {index:4;}">
                    <Coords points="1208,699 1208,759 1402,759 1402,699"/>
                    <TextEquiv>
                        <Unicode>Barbarus</Unicode>
                    </TextEquiv>
                </Word>
                <Word id="r2l9_w6" custom="readingOrder {index:5;}">
                    <Coords points="1435,702 1435,762 1507,762 1507,702"/>
                    <TextEquiv>
                        <Unicode>gne</Unicode>
                    </TextEquiv>
                </Word>
                <TextEquiv>
                    <Unicode>Princeps forte tui correptus barbarus igne</Unicode>
                </TextEquiv>
            </TextLine>
            <TextLine id="r2l10" custom="readingOrder {index:9;}">
                <Coords points="558,822 627,834 686,800 844,818 885,792 947,819 1101,807 1486,819 1500,818 1500,779 1410,786 1353,769 1331,784 1302,759 1244,752 1191,782 1144,764 1100,775 1031,753 999,768 962,745 868,741 840,764 775,760 760,773 713,775 689,753 648,786 558,761 558,822"/>
                <Baseline points="565,817 611,811 657,805 704,800 750,797 797,794 843,793 889,792 936,791 982,791 1029,792 1075,794 1121,795 1168,796 1214,798 1261,800 1307,801 1353,803 1400,804 1446,805 1493,805"/>
                <Word id="r2l10_w1" custom="readingOrder {index:0;}">
                    <Coords points="574,770 574,830 661,830 661,770"/>
                    <TextEquiv>
                        <Unicode>den</Unicode>
                    </TextEquiv>
                </Word>
                <Word id="r2l10_w2" custom="readingOrder {index:1;}">
                    <Coords points="694,757 694,817 794,817 794,757"/>
                    <TextEquiv>
                        <Unicode>volet</Unicode>
                    </TextEquiv>
                </Word>
                <Word id="r2l10_w3" custom="readingOrder {index:2;}">
                    <Coords points="835,751 835,811 988,811 988,751"/>
                    <TextEquiv>
                        <Unicode>immes</Unicode>
                    </TextEquiv>
                </Word>
                <Word id="r2l10_w4" custom="readingOrder {index:3;}">
                    <Coords points="1035,754 1035,814 1155,814 1155,754"/>
                    <TextEquiv>
                        <Unicode>caedis</Unicode>
                    </TextEquiv>
                </Word>
                <Word id="r2l10_w5" custom="readingOrder {index:4;}">
                    <Coords points="1202,758 1202,818 1269,818 1269,758"/>
                    <TextEquiv>
                        <Unicode>hae</Unicode>
                    </TextEquiv>
                </Word>
                <Word id="r2l10_w6" custom="readingOrder {index:5;}">
                    <Coords points="1309,764 1309,824 1495,824 1495,764"/>
                    <TextEquiv>
                        <Unicode>manus.</Unicode>
                    </TextEquiv>
                </Word>
                <TextEquiv>
                    <Unicode>Non volet immunes caedis habere manus,</Unicode>
                </TextEquiv>
            </TextLine>
            <TextLine id="line_1615299295950_260" custom="readingOrder {index:10;}">
                <Coords points="512,804 911,802 1580,808 1629,847 1627,902 1497,911 1405,910 609,892 480,885 480,828"/>
                <Baseline points="486,877 536,871 586,865 637,861 687,858 738,855 788,854 839,852 889,852 940,852 990,852 1040,853 1091,855 1141,857 1192,858 1242,860 1293,862 1343,864 1394,866 1444,868 1495,869 1505,872 1534,871 1563,874 1592,877 1621,873"/>
                <Word id="r2l11_w1" custom="readingOrder {index:0;}">
                    <Coords points="512,825 512,885 659,885 659,825"/>
                    <TextEquiv>
                        <Unicode>Quin</Unicode>
                    </TextEquiv>
                </Word>
                <Word id="r2l11_w2" custom="readingOrder {index:1;}">
                    <Coords points="701,814 701,874 779,874 779,814"/>
                    <TextEquiv>
                        <Unicode>cam</Unicode>
                    </TextEquiv>
                </Word>
                <Word id="r2l11_w3" custom="readingOrder {index:2;}">
                    <Coords points="838,812 838,872 899,872 899,812"/>
                    <TextEquiv>
                        <Unicode>vel</Unicode>
                    </TextEquiv>
                </Word>
                <Word id="r2l11_w4" custom="readingOrder {index:3;}">
                    <Coords points="933,812 933,872 1046,872 1046,812"/>
                    <TextEquiv>
                        <Unicode>palam</Unicode>
                    </TextEquiv>
                </Word>
                <Word id="r2l11_w5" custom="readingOrder {index:4;}">
                    <Coords points="1105,817 1105,877 1227,877 1227,817"/>
                    <TextEquiv>
                        <Unicode>iisero</Unicode>
                    </TextEquiv>
                </Word>
                <Word id="r2l11_w6" custom="readingOrder {index:5;}">
                    <Coords points="1261,822 1261,882 1364,882 1364,822"/>
                    <TextEquiv>
                        <Unicode>mala</Unicode>
                    </TextEquiv>
                </Word>
                <Word id="r2l11_w7" custom="readingOrder {index:6;}">
                    <Coords points="1406,828 1406,888 1484,888 1484,828"/>
                    <TextEquiv>
                        <Unicode>fata</Unicode>
                    </TextEquiv>
                </Word>
                <Word id="r2l12_w1" custom="readingOrder {index:7;}">
                    <Coords points="1515,833 1515,893 1609,893 1609,833"/>
                    <TextEquiv>
                        <Unicode>pabit</Unicode>
                    </TextEquiv>
                </Word>
                <TextEquiv>
                    <Unicode>Quin clam vel pālam misero mala fata parabit,</Unicode>
                </TextEquiv>
            </TextLine>
            <TextLine id="r2l13" custom="readingOrder {index:11;}">
                <Coords points="539,945 651,950 678,964 729,930 798,954 849,927 957,932 984,920 1027,956 1109,966 1155,938 1189,961 1225,936 1295,928 1295,894 1257,881 1234,893 1216,876 1167,899 1144,876 1092,868 1042,893 1008,883 953,897 931,884 906,895 868,868 825,875 799,861 733,881 713,871 612,891 567,885 539,898 539,945"/>
                <Baseline points="546,939 583,931 620,926 657,921 694,918 731,915 768,913 805,912 842,912 879,912 917,912 954,913 991,914 1028,916 1065,917 1102,919 1139,920 1176,921 1213,922 1250,923 1288,923"/>
                <Word id="r2l13_w1" custom="readingOrder {index:0;}">
                    <Coords points="556,888 556,948 649,948 649,888"/>
                    <TextEquiv>
                        <Unicode>Dete</Unicode>
                    </TextEquiv>
                </Word>
                <Word id="r2l13_w2" custom="readingOrder {index:1;}">
                    <Coords points="685,877 685,937 722,937 722,877"/>
                    <TextEquiv>
                        <Unicode>vt</Unicode>
                    </TextEquiv>
                </Word>
                <Word id="r2l13_w3" custom="readingOrder {index:2;}">
                    <Coords points="759,872 759,932 870,932 870,872"/>
                    <TextEquiv>
                        <Unicode>optata</Unicode>
                    </TextEquiv>
                </Word>
                <Word id="r2l13_w4" custom="readingOrder {index:3;}">
                    <Coords points="916,873 916,933 1045,933 1045,873"/>
                    <TextEquiv>
                        <Unicode>remuge</Unicode>
                    </TextEquiv>
                </Word>
                <Word id="r2l13_w5" custom="readingOrder {index:4;}">
                    <Coords points="1092,879 1092,939 1165,939 1165,879"/>
                    <TextEquiv>
                        <Unicode>posse</Unicode>
                    </TextEquiv>
                </Word>
                <Word id="r2l13_w6" custom="readingOrder {index:5;}">
                    <Coords points="1194,882 1194,942 1285,942 1285,882"/>
                    <TextEquiv>
                        <Unicode>feui¬</Unicode>
                    </TextEquiv>
                </Word>
                <TextEquiv>
                    <Unicode>Detur ut optata coniuge posse frui.</Unicode>
                </TextEquiv>
            </TextLine>
            <TextLine id="r2l14" custom="readingOrder {index:12;}">
                <Coords points="492,1004 551,1017 636,989 751,1024 779,1009 820,1014 848,992 993,982 1030,1001 1062,984 1132,988 1179,1027 1218,1003 1290,990 1453,1011 1479,996 1526,999 1526,940 1449,932 1398,963 1336,968 1225,937 1194,961 1026,961 978,924 891,928 798,954 721,945 677,965 651,950 585,962 537,939 492,948 492,1004"/>
                <Baseline points="499,999 550,994 601,990 652,986 703,983 754,981 805,979 856,978 907,978 958,978 1009,979 1060,980 1111,981 1162,983 1213,984 1264,986 1315,988 1366,990 1417,992 1468,994 1519,996"/>
                <Word id="r2l14_w1" custom="readingOrder {index:0;}">
                    <Coords points="510,950 510,1010 667,1010 667,950"/>
                    <TextEquiv>
                        <Unicode>Quare</Unicode>
                    </TextEquiv>
                </Word>
                <Word id="r2l14_w2" custom="readingOrder {index:1;}">
                    <Coords points="695,942 695,1002 754,1002 754,942"/>
                    <TextEquiv>
                        <Unicode>ego</Unicode>
                    </TextEquiv>
                </Word>
                <Word id="r2l14_w3" custom="readingOrder {index:2;}">
                    <Coords points="793,938 793,998 852,998 852,938"/>
                    <TextEquiv>
                        <Unicode>per</Unicode>
                    </TextEquiv>
                </Word>
                <Word id="r2l14_w4" custom="readingOrder {index:3;}">
                    <Coords points="891,938 891,998 989,998 989,938"/>
                    <TextEquiv>
                        <Unicode>casti</Unicode>
                    </TextEquiv>
                </Word>
                <Word id="r2l14_w5" custom="readingOrder {index:4;}">
                    <Coords points="1018,939 1018,999 1057,999 1057,939"/>
                    <TextEquiv>
                        <Unicode>te</Unicode>
                    </TextEquiv>
                </Word>
                <Word id="r2l14_w6" custom="readingOrder {index:5;}">
                    <Coords points="1086,941 1086,1001 1164,1001 1164,941"/>
                    <TextEquiv>
                        <Unicode>iura</Unicode>
                    </TextEquiv>
                </Word>
                <Word id="r2l14_w7" custom="readingOrder {index:6;}">
                    <Coords points="1213,947 1213,1007 1408,1007 1408,947"/>
                    <TextEquiv>
                        <Unicode>saceruma</Unicode>
                    </TextEquiv>
                </Word>
                <Word id="r2l14_w8" custom="readingOrder {index:7;}">
                    <Coords points="1437,954 1437,1014 1525,1014 1525,954"/>
                    <TextEquiv>
                        <Unicode>lecti</Unicode>
                    </TextEquiv>
                </Word>
                <TextEquiv>
                    <Unicode>Quare ego per casti te iura sacerrima lecti</Unicode>
                </TextEquiv>
            </TextLine>
            <TextLine id="r2l15" custom="readingOrder {index:13;}">
                <Coords points="565,1083 636,1064 681,1087 731,1049 782,1075 857,1038 919,1055 973,1041 1030,1055 1061,1040 1127,1058 1155,1051 1189,1085 1301,1057 1333,1087 1364,1063 1421,1058 1421,1032 1328,1006 1242,1023 1221,1004 1173,1030 1104,996 1066,1016 1010,1003 976,1018 782,1009 727,1024 664,1003 641,1020 576,1007 565,1011 565,1083"/>
                <Baseline points="572,1059 614,1053 656,1048 698,1043 740,1041 782,1038 824,1037 866,1036 908,1035 950,1036 993,1036 1035,1037 1077,1039 1119,1041 1161,1042 1203,1045 1245,1047 1287,1048 1329,1050 1371,1052 1414,1054"/>
                <Word id="r2l15_w1" custom="readingOrder {index:0;}">
                    <Coords points="570,1012 570,1072 668,1072 668,1012"/>
                    <TextEquiv>
                        <Unicode>Rerqi</Unicode>
                    </TextEquiv>
                </Word>
                <Word id="r2l15_w2" custom="readingOrder {index:1;}">
                    <Coords points="707,999 707,1059 821,1059 821,999"/>
                    <TextEquiv>
                        <Unicode>caput</Unicode>
                    </TextEquiv>
                </Word>
                <Word id="r2l15_w3" custom="readingOrder {index:2;}">
                    <Coords points="866,995 866,1055 996,1055 996,995"/>
                    <TextEquiv>
                        <Unicode>num,</Unicode>
                    </TextEquiv>
                </Word>
                <Word id="r2l15_w4" custom="readingOrder {index:3;}">
                    <Coords points="1018,997 1018,1057 1065,1057 1065,997"/>
                    <TextEquiv>
                        <Unicode>pr</Unicode>
                    </TextEquiv>
                </Word>
                <Word id="r2l15_w5" custom="readingOrder {index:4;}">
                    <Coords points="1087,1000 1087,1060 1140,1060 1140,1000"/>
                    <TextEquiv>
                        <Unicode>tua</Unicode>
                    </TextEquiv>
                </Word>
                <Word id="r2l15_w6" custom="readingOrder {index:5;}">
                    <Coords points="1194,1006 1194,1066 1285,1066 1285,1006"/>
                    <TextEquiv>
                        <Unicode>fata</Unicode>
                    </TextEquiv>
                </Word>
                <Word id="r2l15_w7" custom="readingOrder {index:6;}">
                    <Coords points="1324,1011 1324,1071 1407,1071 1407,1011"/>
                    <TextEquiv>
                        <Unicode>proc</Unicode>
                    </TextEquiv>
                </Word>
                <TextEquiv>
                    <Unicode>Perque caput nostrum, per tua fata precor,</Unicode>
                </TextEquiv>
            </TextLine>
            <TextLine id="r2l16" custom="readingOrder {index:14;}">
                <Coords points="498,1115 550,1135 598,1119 656,1131 703,1118 742,1136 823,1111 1008,1123 1055,1106 1103,1119 1153,1108 1242,1115 1286,1155 1324,1131 1419,1117 1471,1139 1527,1120 1588,1130 1589,1091 1469,1093 1422,1071 1331,1088 1314,1070 1270,1067 1183,1084 1136,1054 1111,1063 1061,1040 902,1075 883,1060 861,1071 828,1059 783,1078 721,1058 681,1087 590,1088 558,1066 499,1057 498,1115"/>
                <Baseline points="505,1119 558,1113 612,1109 666,1105 720,1103 774,1101 828,1099 881,1099 935,1098 989,1099 1043,1099 1097,1101 1151,1102 1205,1104 1258,1106 1312,1108 1366,1110 1420,1112 1474,1115 1528,1117 1582,1119"/>
                <Word id="r2l16_w1" custom="readingOrder {index:0;}">
                    <Coords points="519,1070 519,1130 672,1130 672,1070"/>
                    <TextEquiv>
                        <Unicode>Vtie</Unicode>
                    </TextEquiv>
                </Word>
                <Word id="r2l16_w2" custom="readingOrder {index:1;}">
                    <Coords points="721,1059 721,1119 954,1119 954,1059"/>
                    <TextEquiv>
                        <Unicode>germanum</Unicode>
                    </TextEquiv>
                </Word>
                <Word id="r2l16_w3" custom="readingOrder {index:2;}">
                    <Coords points="1011,1059 1011,1119 1123,1119 1123,1059"/>
                    <TextEquiv>
                        <Unicode>dicas</Unicode>
                    </TextEquiv>
                </Word>
                <Word id="r2l16_w4" custom="readingOrder {index:3;}">
                    <Coords points="1171,1064 1171,1124 1244,1124 1244,1064"/>
                    <TextEquiv>
                        <Unicode>non</Unicode>
                    </TextEquiv>
                </Word>
                <Word id="r2l16_w5" custom="readingOrder {index:4;}">
                    <Coords points="1284,1068 1284,1128 1340,1128 1340,1068"/>
                    <TextEquiv>
                        <Unicode>esse</Unicode>
                    </TextEquiv>
                </Word>
                <Word id="r2l16_w6" custom="readingOrder {index:5;}">
                    <Coords points="1380,1074 1380,1134 1558,1134 1558,1074"/>
                    <TextEquiv>
                        <Unicode>maritum</Unicode>
                    </TextEquiv>
                </Word>
                <TextEquiv>
                    <Unicode>Ut me germanum dicas, non esse maritum,</Unicode>
                </TextEquiv>
            </TextLine>
            <TextLine id="r2l17" custom="readingOrder {index:15;}">
                <Coords points="560,1196 653,1186 677,1170 740,1187 799,1154 879,1201 936,1172 1004,1207 1155,1158 1305,1187 1427,1181 1427,1154 1361,1127 1299,1149 1256,1118 1208,1111 1185,1132 1127,1107 1115,1118 1043,1107 925,1137 899,1124 864,1131 837,1112 747,1142 719,1129 663,1142 613,1128 603,1139 560,1123 560,1196"/>
                <Baseline points="567,1181 609,1175 652,1170 694,1167 737,1164 780,1161 822,1159 865,1158 908,1157 950,1157 993,1157 1036,1158 1078,1159 1121,1160 1164,1162 1206,1164 1249,1165 1292,1167 1334,1169 1377,1171 1420,1172"/>
                <Word id="r2l17_w1" custom="readingOrder {index:0;}">
                    <Coords points="573,1135 573,1195 642,1195 642,1135"/>
                    <TextEquiv>
                        <Unicode>Ne</Unicode>
                    </TextEquiv>
                </Word>
                <Word id="r2l17_w2" custom="readingOrder {index:1;}">
                    <Coords points="674,1125 674,1185 752,1185 752,1125"/>
                    <TextEquiv>
                        <Unicode>vite</Unicode>
                    </TextEquiv>
                </Word>
                <Word id="r2l17_w3" custom="readingOrder {index:2;}">
                    <Coords points="790,1117 790,1177 954,1177 954,1117"/>
                    <TextEquiv>
                        <Unicode>surgant</Unicode>
                    </TextEquiv>
                </Word>
                <Word id="r2l17_w4" custom="readingOrder {index:3;}">
                    <Coords points="1016,1118 1016,1178 1117,1178 1117,1118"/>
                    <TextEquiv>
                        <Unicode>sinna</Unicode>
                    </TextEquiv>
                </Word>
                <Word id="r2l17_w5" custom="readingOrder {index:4;}">
                    <Coords points="1179,1124 1179,1184 1273,1184 1273,1124"/>
                    <TextEquiv>
                        <Unicode>pila</Unicode>
                    </TextEquiv>
                </Word>
                <Word id="r2l17_w6" custom="readingOrder {index:5;}">
                    <Coords points="1319,1130 1319,1190 1397,1190 1397,1130"/>
                    <TextEquiv>
                        <Unicode>mea</Unicode>
                    </TextEquiv>
                </Word>
                <TextEquiv>
                    <Unicode>Ne vitę surgant summa pericla meae.</Unicode>
                </TextEquiv>
            </TextLine>
            <TextLine id="r2l18" custom="readingOrder {index:16;}">
                <Coords points="489,1243 524,1255 614,1233 669,1275 719,1261 740,1275 828,1232 922,1222 950,1240 1060,1231 1113,1267 1184,1270 1235,1232 1254,1250 1284,1240 1339,1275 1366,1251 1433,1242 1433,1182 1269,1204 1240,1178 1185,1165 1131,1186 1091,1171 1018,1203 945,1192 726,1206 673,1180 619,1216 512,1178 488,1190 489,1243"/>
                <Baseline points="496,1243 542,1239 589,1234 635,1231 682,1228 728,1226 775,1224 821,1222 868,1221 914,1220 961,1220 1007,1220 1054,1220 1100,1221 1147,1222 1193,1224 1240,1225 1286,1227 1333,1229 1379,1231 1426,1234"/>
                <Word id="r2l18_w1" custom="readingOrder {index:0;}">
                    <Coords points="509,1197 509,1257 605,1257 605,1197"/>
                    <TextEquiv>
                        <Unicode>alia</Unicode>
                    </TextEquiv>
                </Word>
                <Word id="r2l18_w2" custom="readingOrder {index:1;}">
                    <Coords points="649,1185 649,1245 841,1245 841,1185"/>
                    <TextEquiv>
                        <Unicode>plorantem</Unicode>
                    </TextEquiv>
                </Word>
                <Word id="r2l18_w3" custom="readingOrder {index:2;}">
                    <Coords points="906,1180 906,1240 981,1240 981,1180"/>
                    <TextEquiv>
                        <Unicode>non</Unicode>
                    </TextEquiv>
                </Word>
                <Word id="r2l18_w4" custom="readingOrder {index:3;}">
                    <Coords points="1023,1180 1023,1240 1056,1240 1056,1180"/>
                    <TextEquiv>
                        <Unicode>te</Unicode>
                    </TextEquiv>
                </Word>
                <Word id="r2l18_w5" custom="readingOrder {index:4;}">
                    <Coords points="1088,1182 1088,1242 1228,1242 1228,1182"/>
                    <TextEquiv>
                        <Unicode>digisse</Unicode>
                    </TextEquiv>
                </Word>
                <Word id="r2l18_w6" custom="readingOrder {index:5;}">
                    <Coords points="1270,1189 1270,1249 1420,1249 1420,1189"/>
                    <TextEquiv>
                        <Unicode>negatis</Unicode>
                    </TextEquiv>
                </Word>
                <TextEquiv>
                    <Unicode>Talia plorantem non te dixisse negabis</Unicode>
                </TextEquiv>
            </TextLine>
            <TextLine id="r2l19" custom="readingOrder {index:17;}">
                <Coords points="561,1313 652,1305 705,1339 759,1305 802,1308 865,1282 904,1318 933,1299 982,1297 1059,1330 1093,1299 1170,1295 1233,1334 1291,1299 1317,1315 1427,1307 1427,1242 1366,1252 1339,1275 1224,1252 1183,1269 1112,1267 1048,1236 982,1245 964,1262 849,1251 670,1274 624,1255 561,1261 561,1313"/>
                <Baseline points="568,1299 610,1295 653,1292 695,1290 738,1287 781,1285 823,1284 866,1283 908,1282 951,1281 994,1281 1036,1281 1079,1282 1121,1283 1164,1284 1207,1285 1249,1287 1292,1289 1334,1291 1377,1294 1420,1297"/>
                <Word id="r2l19_w1" custom="readingOrder {index:0;}">
                    <Coords points="567,1251 567,1311 764,1311 764,1251"/>
                    <TextEquiv>
                        <Unicode>Nunn,</Unicode>
                    </TextEquiv>
                </Word>
                <Word id="r2l19_w2" custom="readingOrder {index:1;}">
                    <Coords points="788,1244 788,1304 854,1304 854,1244"/>
                    <TextEquiv>
                        <Unicode>nec</Unicode>
                    </TextEquiv>
                </Word>
                <Word id="r2l19_w3" custom="readingOrder {index:2;}">
                    <Coords points="903,1241 903,1301 1025,1301 1025,1241"/>
                    <TextEquiv>
                        <Unicode>poteris</Unicode>
                    </TextEquiv>
                </Word>
                <Word id="r2l19_w4" custom="readingOrder {index:3;}">
                    <Coords points="1067,1242 1067,1302 1100,1302 1100,1242"/>
                    <TextEquiv>
                        <Unicode>si</Unicode>
                    </TextEquiv>
                </Word>
                <Word id="r2l19_w5" custom="readingOrder {index:4;}">
                    <Coords points="1124,1243 1124,1303 1157,1303 1157,1243"/>
                    <TextEquiv>
                        <Unicode>in</Unicode>
                    </TextEquiv>
                </Word>
                <Word id="r2l19_w6" custom="readingOrder {index:5;}">
                    <Coords points="1198,1246 1198,1306 1272,1306 1272,1246"/>
                    <TextEquiv>
                        <Unicode>ipse</Unicode>
                    </TextEquiv>
                </Word>
                <Word id="r2l19_w7" custom="readingOrder {index:6;}">
                    <Coords points="1313,1253 1313,1313 1437,1313 1437,1253"/>
                    <TextEquiv>
                        <Unicode>voles.</Unicode>
                    </TextEquiv>
                </Word>
                <TextEquiv>
                    <Unicode>Nunquam, nec poteris, si tamen ipse voles.</Unicode>
                </TextEquiv>
            </TextLine>
            <TextLine id="r2l20" custom="readingOrder {index:18;}">
                <Coords points="498,1360 690,1394 728,1357 768,1353 883,1357 920,1381 957,1350 1003,1372 1037,1355 1069,1385 1144,1351 1242,1367 1292,1348 1426,1400 1477,1367 1555,1375 1555,1330 1516,1331 1459,1307 1405,1323 1378,1308 1346,1323 1291,1299 1227,1329 1067,1274 1012,1298 932,1300 904,1319 863,1300 810,1325 738,1316 706,1335 653,1307 632,1327 587,1333 540,1304 498,1326 498,1360"/>
                <Baseline points="505,1363 557,1359 609,1355 661,1352 713,1350 765,1347 817,1346 870,1344 922,1343 974,1342 1026,1341 1078,1341 1130,1342 1182,1342 1235,1344 1287,1345 1339,1347 1391,1349 1443,1351 1495,1354 1548,1357"/>
                <Word id="r2l20_w1" custom="readingOrder {index:0;}">
                    <Coords points="514,1317 514,1377 639,1377 639,1317"/>
                    <TextEquiv>
                        <Unicode>Quid</Unicode>
                    </TextEquiv>
                </Word>
                <Word id="r2l20_w2" custom="readingOrder {index:1;}">
                    <Coords points="693,1307 693,1367 828,1367 828,1307"/>
                    <TextEquiv>
                        <Unicode>facerem</Unicode>
                    </TextEquiv>
                </Word>
                <Word id="r2l20_w3" custom="readingOrder {index:2;}">
                    <Coords points="882,1302 882,1362 1016,1362 1016,1302"/>
                    <TextEquiv>
                        <Unicode>infaelix</Unicode>
                    </TextEquiv>
                </Word>
                <Word id="r2l20_w4" custom="readingOrder {index:3;}">
                    <Coords points="1061,1302 1061,1362 1249,1362 1249,1302"/>
                    <TextEquiv>
                        <Unicode>plorantia</Unicode>
                    </TextEquiv>
                </Word>
                <Word id="r2l20_w5" custom="readingOrder {index:4;}">
                    <Coords points="1304,1308 1304,1368 1465,1368 1465,1308"/>
                    <TextEquiv>
                        <Unicode>coringis</Unicode>
                    </TextEquiv>
                </Word>
                <Word id="r2l20_w6" custom="readingOrder {index:5;}">
                    <Coords points="1493,1315 1493,1375 1555,1375 1555,1315"/>
                    <TextEquiv>
                        <Unicode>ora</Unicode>
                    </TextEquiv>
                </Word>
                <TextEquiv>
                    <Unicode>Quid facerem infoelix? Plorantia coniugis ora</Unicode>
                </TextEquiv>
            </TextLine>
            <TextLine id="r2l21" custom="readingOrder {index:19;}">
                <Coords points="547,1428 593,1445 659,1425 701,1435 726,1414 741,1429 810,1435 838,1412 974,1411 996,1427 1050,1413 1112,1445 1148,1413 1244,1409 1302,1448 1364,1419 1473,1419 1528,1453 1554,1437 1553,1395 1361,1391 1316,1362 1258,1384 1161,1351 1082,1385 1032,1354 975,1384 852,1359 812,1387 779,1390 720,1364 690,1394 572,1387 547,1397 547,1428"/>
                <Baseline points="554,1429 603,1423 653,1419 702,1416 752,1412 802,1410 851,1407 901,1405 951,1404 1000,1403 1050,1403 1100,1403 1149,1403 1199,1404 1249,1405 1298,1407 1348,1409 1398,1411 1447,1414 1497,1417 1547,1420"/>
                <Word id="r2l21_w1" custom="readingOrder {index:0;}">
                    <Coords points="561,1378 561,1438 764,1438 764,1378"/>
                    <TextEquiv>
                        <Unicode>Cerrebam</Unicode>
                    </TextEquiv>
                </Word>
                <Word id="r2l21_w2" custom="readingOrder {index:1;}">
                    <Coords points="805,1367 805,1427 870,1427 870,1367"/>
                    <TextEquiv>
                        <Unicode>&amp;amp;</Unicode>
                    </TextEquiv>
                </Word>
                <Word id="r2l21_w3" custom="readingOrder {index:2;}">
                    <Coords points="887,1363 887,1423 1066,1423 1066,1363"/>
                    <TextEquiv>
                        <Unicode>taamulos</Unicode>
                    </TextEquiv>
                </Word>
                <Word id="r2l21_w4" custom="readingOrder {index:3;}">
                    <Coords points="1091,1363 1091,1423 1237,1423 1237,1363"/>
                    <TextEquiv>
                        <Unicode>pectora</Unicode>
                    </TextEquiv>
                </Word>
                <Word id="r2l21_w5" custom="readingOrder {index:4;}">
                    <Coords points="1278,1368 1278,1428 1391,1428 1391,1368"/>
                    <TextEquiv>
                        <Unicode>plena</Unicode>
                    </TextEquiv>
                </Word>
                <Word id="r2l21_w6" custom="readingOrder {index:5;}">
                    <Coords points="1433,1377 1433,1437 1564,1437 1564,1377"/>
                    <TextEquiv>
                        <Unicode>onetu¬</Unicode>
                    </TextEquiv>
                </Word>
                <TextEquiv>
                    <Unicode>Cernebam et tremulo pectora plena metu.</Unicode>
                </TextEquiv>
            </TextLine>
            <TextLine id="r2l22" custom="readingOrder {index:20;}">
                <Coords points="504,1504 527,1515 565,1492 609,1502 703,1475 769,1494 792,1517 808,1502 856,1506 888,1476 973,1487 1110,1473 1180,1483 1242,1514 1277,1493 1312,1516 1338,1494 1404,1482 1572,1524 1591,1519 1591,1458 1434,1457 1372,1420 1300,1451 1255,1411 1218,1421 1206,1409 1144,1417 1112,1446 1054,1417 997,1450 897,1425 817,1445 749,1426 718,1447 668,1428 583,1445 562,1430 504,1437 504,1504"/>
                <Baseline points="510,1489 563,1484 617,1480 671,1476 725,1474 778,1471 832,1470 886,1468 940,1467 993,1467 1047,1467 1101,1468 1155,1468 1208,1470 1262,1471 1316,1473 1370,1475 1423,1478 1477,1481 1531,1483 1585,1487"/>
                <Word id="r2l22_w1" custom="readingOrder {index:0;}">
                    <Coords points="510,1445 510,1505 578,1505 578,1445"/>
                    <TextEquiv>
                        <Unicode>Ne</Unicode>
                    </TextEquiv>
                </Word>
                <Word id="r2l22_w2" custom="readingOrder {index:1;}">
                    <Coords points="613,1437 613,1497 699,1497 699,1437"/>
                    <TextEquiv>
                        <Unicode>inbet</Unicode>
                    </TextEquiv>
                </Word>
                <Word id="r2l22_w3" custom="readingOrder {index:2;}">
                    <Coords points="733,1432 733,1492 785,1492 785,1432"/>
                    <TextEquiv>
                        <Unicode>hoc</Unicode>
                    </TextEquiv>
                </Word>
                <Word id="r2l22_w4" custom="readingOrder {index:3;}">
                    <Coords points="828,1427 828,1487 974,1487 974,1427"/>
                    <TextEquiv>
                        <Unicode>pietas,</Unicode>
                    </TextEquiv>
                </Word>
                <Word id="r2l22_w5" custom="readingOrder {index:4;}">
                    <Coords points="991,1427 991,1487 1085,1487 1085,1427"/>
                    <TextEquiv>
                        <Unicode>iubet</Unicode>
                    </TextEquiv>
                </Word>
                <Word id="r2l22_w6" custom="readingOrder {index:5;}">
                    <Coords points="1128,1428 1128,1488 1180,1488 1180,1428"/>
                    <TextEquiv>
                        <Unicode>hoc</Unicode>
                    </TextEquiv>
                </Word>
                <Word id="r2l22_w7" custom="readingOrder {index:6;}">
                    <Coords points="1205,1430 1205,1490 1282,1490 1282,1430"/>
                    <TextEquiv>
                        <Unicode>spes</Unicode>
                    </TextEquiv>
                </Word>
                <Word id="r2l22_w8" custom="readingOrder {index:7;}">
                    <Coords points="1316,1434 1316,1494 1411,1494 1411,1434"/>
                    <TextEquiv>
                        <Unicode>salua</Unicode>
                    </TextEquiv>
                </Word>
                <Word id="r2l22_w9" custom="readingOrder {index:8;}">
                    <Coords points="1437,1442 1437,1502 1601,1502 1601,1442"/>
                    <TextEquiv>
                        <Unicode>mariti,</Unicode>
                    </TextEquiv>
                </Word>
                <TextEquiv>
                    <Unicode>Me iubet hoc pietas, iubet hoc spes salva mariti,</Unicode>
                </TextEquiv>
            </TextLine>
            <TextLine id="r2l23" custom="readingOrder {index:21;}">
                <Coords points="559,1565 676,1547 741,1582 787,1540 839,1535 885,1556 921,1531 1001,1540 1071,1574 1098,1555 1123,1571 1153,1543 1208,1539 1330,1546 1362,1575 1410,1555 1495,1555 1496,1492 1400,1483 1354,1520 1307,1515 1277,1492 1244,1515 1148,1480 1083,1484 1044,1508 975,1507 953,1487 888,1477 831,1516 815,1501 791,1516 773,1499 637,1516 589,1493 559,1502 559,1565"/>
                <Baseline points="566,1551 612,1545 658,1540 704,1536 750,1532 796,1530 842,1529 889,1528 935,1527 981,1528 1027,1529 1073,1530 1119,1531 1165,1533 1212,1535 1258,1536 1304,1539 1350,1540 1396,1542 1442,1543 1489,1544"/>
                <Word id="r2l23_w1" custom="readingOrder {index:0;}">
                    <Coords points="582,1498 582,1558 777,1558 777,1498"/>
                    <TextEquiv>
                        <Unicode>Quamque</Unicode>
                    </TextEquiv>
                </Word>
                <Word id="r2l23_w2" custom="readingOrder {index:1;}">
                    <Coords points="802,1489 802,1549 835,1549 835,1489"/>
                    <TextEquiv>
                        <Unicode>ti</Unicode>
                    </TextEquiv>
                </Word>
                <Word id="r2l23_w3" custom="readingOrder {index:2;}">
                    <Coords points="862,1487 862,1547 1022,1547 1022,1487"/>
                    <TextEquiv>
                        <Unicode>dederam</Unicode>
                    </TextEquiv>
                </Word>
                <Word id="r2l23_w4" custom="readingOrder {index:3;}">
                    <Coords points="1065,1490 1065,1550 1107,1550 1107,1490"/>
                    <TextEquiv>
                        <Unicode>pe</Unicode>
                    </TextEquiv>
                </Word>
                <Word id="r2l23_w5" custom="readingOrder {index:4;}">
                    <Coords points="1132,1493 1132,1553 1217,1553 1217,1493"/>
                    <TextEquiv>
                        <Unicode>sacra</Unicode>
                    </TextEquiv>
                </Word>
                <Word id="r2l23_w6" custom="readingOrder {index:5;}">
                    <Coords points="1251,1498 1251,1558 1335,1558 1335,1498"/>
                    <TextEquiv>
                        <Unicode>iura</Unicode>
                    </TextEquiv>
                </Word>
                <Word id="r2l23_w7" custom="readingOrder {index:6;}">
                    <Coords points="1370,1502 1370,1562 1506,1562 1506,1502"/>
                    <TextEquiv>
                        <Unicode>fides.</Unicode>
                    </TextEquiv>
                </Word>
                <TextEquiv>
                    <Unicode>Quamque tibi dederam per sacra iura, fides.</Unicode>
                </TextEquiv>
            </TextLine>
            <TextLine id="r2l24" custom="readingOrder {index:22;}">
                <Coords points="522,1615 675,1611 739,1588 864,1606 887,1590 941,1619 1072,1593 1220,1619 1396,1611 1412,1627 1454,1617 1516,1630 1517,1553 1462,1571 1380,1563 1358,1574 1325,1545 1241,1548 1200,1574 1160,1561 1123,1574 1101,1557 1053,1573 1000,1539 872,1559 845,1540 776,1537 752,1561 674,1548 570,1569 536,1541 523,1542 522,1615"/>
                <Baseline points="529,1604 578,1600 627,1596 676,1593 725,1591 774,1589 823,1588 872,1588 921,1588 970,1588 1019,1589 1068,1591 1117,1592 1166,1594 1215,1597 1264,1600 1313,1602 1362,1605 1411,1609 1460,1612 1510,1616"/>
                <Word id="r2l24_w1" custom="readingOrder {index:0;}">
                    <Coords points="531,1561 531,1621 591,1621 591,1561"/>
                    <TextEquiv>
                        <Unicode>Sed</Unicode>
                    </TextEquiv>
                </Word>
                <Word id="r2l24_w2" custom="readingOrder {index:1;}">
                    <Coords points="624,1555 624,1615 650,1615 650,1555"/>
                    <TextEquiv>
                        <Unicode>in</Unicode>
                    </TextEquiv>
                </Word>
                <Word id="r2l24_w3" custom="readingOrder {index:2;}">
                    <Coords points="690,1551 690,1611 717,1611 717,1551"/>
                    <TextEquiv>
                        <Unicode>in</Unicode>
                    </TextEquiv>
                </Word>
                <Word id="r2l24_w4" custom="readingOrder {index:3;}">
                    <Coords points="757,1548 757,1608 863,1608 863,1548"/>
                    <TextEquiv>
                        <Unicode>dubio</Unicode>
                    </TextEquiv>
                </Word>
                <Word id="r2l24_w5" custom="readingOrder {index:4;}">
                    <Coords points="896,1548 896,1608 1015,1608 1015,1548"/>
                    <TextEquiv>
                        <Unicode>tristis</Unicode>
                    </TextEquiv>
                </Word>
                <Word id="r2l24_w6" custom="readingOrder {index:5;}">
                    <Coords points="1048,1551 1048,1611 1168,1611 1168,1551"/>
                    <TextEquiv>
                        <Unicode>mens</Unicode>
                    </TextEquiv>
                </Word>
                <Word id="r2l24_w7" custom="readingOrder {index:6;}">
                    <Coords points="1215,1561 1215,1621 1387,1621 1387,1561"/>
                    <TextEquiv>
                        <Unicode>furtuat</Unicode>
                    </TextEquiv>
                </Word>
                <Word id="r2l24_w8" custom="readingOrder {index:7;}">
                    <Coords points="1420,1571 1420,1631 1499,1631 1499,1571"/>
                    <TextEquiv>
                        <Unicode>inde</Unicode>
                    </TextEquiv>
                </Word>
                <TextEquiv>
                    <Unicode>Sed tamen in dubio tristis mens fluctuat inde,</Unicode>
                </TextEquiv>
            </TextLine>
            <TextLine id="r2l25" custom="readingOrder {index:23;}">
                <Coords points="547,1684 621,1683 701,1655 725,1669 755,1651 834,1667 883,1658 935,1677 973,1657 997,1673 1019,1658 1137,1668 1187,1655 1221,1675 1263,1660 1416,1684 1451,1676 1452,1633 1423,1619 1379,1638 1310,1611 1266,1629 1241,1612 1073,1594 1038,1594 1001,1627 962,1611 926,1627 861,1611 833,1628 759,1611 731,1627 694,1604 663,1627 608,1617 547,1628 547,1684"/>
                <Baseline points="554,1672 598,1665 643,1660 687,1656 732,1652 776,1649 821,1647 865,1646 910,1645 954,1646 999,1646 1044,1647 1088,1649 1133,1650 1177,1652 1222,1654 1266,1656 1311,1659 1355,1661 1400,1663 1445,1665"/>
                <Word id="r2l25_w1" custom="readingOrder {index:0;}">
                    <Coords points="560,1617 560,1677 779,1677 779,1617"/>
                    <TextEquiv>
                        <Unicode>Herebant</Unicode>
                    </TextEquiv>
                </Word>
                <Word id="r2l25_w2" custom="readingOrder {index:1;}">
                    <Coords points="818,1605 818,1665 951,1665 951,1605"/>
                    <TextEquiv>
                        <Unicode>anino</Unicode>
                    </TextEquiv>
                </Word>
                <Word id="r2l25_w3" custom="readingOrder {index:2;}">
                    <Coords points="999,1608 999,1668 1155,1668 1155,1608"/>
                    <TextEquiv>
                        <Unicode>puistina</Unicode>
                    </TextEquiv>
                </Word>
                <Word id="r2l25_w4" custom="readingOrder {index:3;}">
                    <Coords points="1194,1615 1194,1675 1336,1675 1336,1615"/>
                    <TextEquiv>
                        <Unicode>damna</Unicode>
                    </TextEquiv>
                </Word>
                <Word id="r2l25_w5" custom="readingOrder {index:4;}">
                    <Coords points="1367,1623 1367,1683 1462,1683 1462,1623"/>
                    <TextEquiv>
                        <Unicode>meo¬</Unicode>
                    </TextEquiv>
                </Word>
                <TextEquiv>
                    <Unicode>Hęrebant animo pristina damna meo.</Unicode>
                </TextEquiv>
            </TextLine>
            <TextLine id="line_1615299150659_227" custom="readingOrder {index:24;}">
                <Coords points="253,1681 339,1668 974,1656 1121,1659 1307,1664 1433,1676 1487,1700 1486,1739 1310,1760 257,1776"/>
                <Baseline points="262,1732 288,1731 314,1729 340,1727 366,1726 392,1726 419,1727 534,1724 581,1720 628,1716 675,1712 723,1710 770,1708 817,1707 865,1706 912,1705 959,1705 1007,1706 1054,1706 1101,1708 1148,1709 1196,1711 1243,1714 1290,1716 1338,1719 1385,1722 1432,1725 1480,1729"/>
                <Word id="r1l1_w1" custom="readingOrder {index:0;}">
                    <Coords points="259,1689 259,1749 351,1749 351,1689"/>
                    <TextEquiv>
                        <Unicode>Gen.</Unicode>
                    </TextEquiv>
                </Word>
                <Word id="r1l1_w2" custom="readingOrder {index:1;}">
                    <Coords points="368,1686 368,1746 436,1746 436,1686"/>
                    <TextEquiv>
                        <Unicode>12.</Unicode>
                    </TextEquiv>
                </Word>
                <Word id="r2l26_w1" custom="readingOrder {index:2;}">
                    <Coords points="559,1680 559,1740 602,1740 602,1680"/>
                    <TextEquiv>
                        <Unicode>um</Unicode>
                    </TextEquiv>
                </Word>
                <Word id="r2l26_w2" custom="readingOrder {index:3;}">
                    <Coords points="654,1670 654,1730 783,1730 783,1670"/>
                    <TextEquiv>
                        <Unicode>simili</Unicode>
                    </TextEquiv>
                </Word>
                <Word id="r2l26_w3" custom="readingOrder {index:4;}">
                    <Coords points="817,1666 817,1726 911,1726 911,1666"/>
                    <TextEquiv>
                        <Unicode>rasut</Unicode>
                    </TextEquiv>
                </Word>
                <Word id="r2l26_w4" custom="readingOrder {index:5;}">
                    <Coords points="955,1666 955,1726 1075,1726 1075,1666"/>
                    <TextEquiv>
                        <Unicode>pliario</Unicode>
                    </TextEquiv>
                </Word>
                <Word id="r2l26_w5" custom="readingOrder {index:6;}">
                    <Coords points="1109,1668 1109,1728 1143,1728 1143,1668"/>
                    <TextEquiv>
                        <Unicode>ti</Unicode>
                    </TextEquiv>
                </Word>
                <Word id="r2l26_w6" custom="readingOrder {index:7;}">
                    <Coords points="1170,1672 1170,1732 1272,1732 1272,1672"/>
                    <TextEquiv>
                        <Unicode>rapta</Unicode>
                    </TextEquiv>
                </Word>
                <Word id="r2l26_w7" custom="readingOrder {index:8;}">
                    <Coords points="1316,1682 1316,1742 1478,1742 1478,1682"/>
                    <TextEquiv>
                        <Unicode>Tyramno</Unicode>
                    </TextEquiv>
                </Word>
                <TextEquiv>
                    <Unicode>〈 Gen. 12 〉 Cum simili casu Phario tibi rapta tyranno</Unicode>
                </TextEquiv>
            </TextLine>
            <TextLine id="r2l27" custom="readingOrder {index:25;}">
                <Coords points="556,1791 629,1787 690,1808 743,1775 806,1803 846,1769 892,1788 917,1769 939,1781 990,1769 1060,1803 1117,1770 1300,1787 1300,1748 1248,1721 1166,1739 1111,1720 1072,1741 1033,1732 987,1744 963,1723 916,1730 868,1714 810,1738 755,1730 657,1750 608,1730 556,1731 556,1791"/>
                <Baseline points="563,1776 599,1773 636,1770 672,1768 709,1766 745,1765 782,1763 818,1762 855,1762 891,1762 928,1762 964,1762 1001,1762 1037,1762 1074,1763 1110,1763 1147,1764 1183,1764 1220,1765 1256,1765 1293,1765"/>
                <Word id="r2l27_w1" custom="readingOrder {index:0;}">
                    <Coords points="567,1732 567,1792 639,1792 639,1732"/>
                    <TextEquiv>
                        <Unicode>Non</Unicode>
                    </TextEquiv>
                </Word>
                <Word id="r2l27_w2" custom="readingOrder {index:1;}">
                    <Coords points="675,1725 675,1785 783,1785 783,1725"/>
                    <TextEquiv>
                        <Unicode>paruo</Unicode>
                    </TextEquiv>
                </Word>
                <Word id="r2l27_w3" custom="readingOrder {index:2;}">
                    <Coords points="819,1722 819,1782 905,1782 905,1722"/>
                    <TextEquiv>
                        <Unicode>subij</Unicode>
                    </TextEquiv>
                </Word>
                <Word id="r2l27_w4" custom="readingOrder {index:3;}">
                    <Coords points="935,1722 935,1782 1014,1782 1014,1722"/>
                    <TextEquiv>
                        <Unicode>dira</Unicode>
                    </TextEquiv>
                </Word>
                <Word id="r2l27_w5" custom="readingOrder {index:4;}">
                    <Coords points="1049,1723 1049,1783 1129,1783 1129,1723"/>
                    <TextEquiv>
                        <Unicode>pula</Unicode>
                    </TextEquiv>
                </Word>
                <Word id="r2l27_w6" custom="readingOrder {index:5;}">
                    <Coords points="1165,1725 1165,1785 1294,1785 1294,1725"/>
                    <TextEquiv>
                        <Unicode>metu.</Unicode>
                    </TextEquiv>
                </Word>
                <TextEquiv>
                    <Unicode>Non parvo subii dira pericla metu.</Unicode>
                </TextEquiv>
            </TextLine>
            <TextLine id="r2l28" custom="readingOrder {index:26;}">
                <Coords points="514,1862 647,1821 709,1843 736,1823 775,1836 1049,1824 1124,1844 1204,1824 1295,1848 1391,1833 1449,1850 1472,1847 1472,1783 1402,1787 1373,1769 1294,1803 1265,1780 1211,1806 1123,1772 1067,1803 1037,1788 982,1796 929,1775 891,1793 863,1771 784,1803 723,1774 661,1802 569,1788 544,1811 514,1807 514,1862"/>
                <Baseline points="521,1833 568,1829 615,1825 662,1822 709,1820 757,1819 804,1817 851,1817 898,1817 945,1817 993,1817 1040,1818 1087,1819 1134,1820 1181,1822 1229,1824 1276,1825 1323,1827 1370,1828 1417,1830 1465,1832"/>
                <Word id="r2l28_w1" custom="readingOrder {index:0;}">
                    <Coords points="521,1789 521,1849 598,1849 598,1789"/>
                    <TextEquiv>
                        <Unicode>Cum</Unicode>
                    </TextEquiv>
                </Word>
                <Word id="r2l28_w2" custom="readingOrder {index:1;}">
                    <Coords points="662,1780 662,1840 733,1840 733,1780"/>
                    <TextEquiv>
                        <Unicode>iisi</Unicode>
                    </TextEquiv>
                </Word>
                <Word id="r2l28_w3" custom="readingOrder {index:2;}">
                    <Coords points="757,1777 757,1837 815,1837 815,1777"/>
                    <TextEquiv>
                        <Unicode>me</Unicode>
                    </TextEquiv>
                </Word>
                <Word id="r2l28_w4" custom="readingOrder {index:3;}">
                    <Coords points="851,1777 851,1837 1022,1837 1022,1777"/>
                    <TextEquiv>
                        <Unicode>dominus</Unicode>
                    </TextEquiv>
                </Word>
                <Word id="r2l28_w5" custom="readingOrder {index:4;}">
                    <Coords points="1063,1779 1063,1839 1133,1839 1133,1779"/>
                    <TextEquiv>
                        <Unicode>codo</Unicode>
                    </TextEquiv>
                </Word>
                <Word id="r2l28_w6" custom="readingOrder {index:5;}">
                    <Coords points="1163,1784 1163,1844 1304,1844 1304,1784"/>
                    <TextEquiv>
                        <Unicode>imuisset</Unicode>
                    </TextEquiv>
                </Word>
                <Word id="r2l28_w7" custom="readingOrder {index:6;}">
                    <Coords points="1340,1787 1340,1847 1375,1847 1375,1787"/>
                    <TextEquiv>
                        <Unicode>ab</Unicode>
                    </TextEquiv>
                </Word>
                <Word id="r2l28_w8" custom="readingOrder {index:7;}">
                    <Coords points="1405,1790 1405,1850 1463,1850 1463,1790"/>
                    <TextEquiv>
                        <Unicode>alto</Unicode>
                    </TextEquiv>
                </Word>
                <TextEquiv>
                    <Unicode>Cum nisi me Dominus coelo iuvisset ab alto</Unicode>
                </TextEquiv>
            </TextLine>
            <TextLine id="r2l29" custom="readingOrder {index:27;}">
                <Coords points="553,1897 685,1884 709,1898 758,1875 792,1891 813,1883 857,1910 945,1880 992,1910 1055,1889 1113,1915 1242,1898 1287,1926 1323,1892 1414,1909 1414,1866 1367,1870 1312,1846 1279,1854 1244,1824 1221,1836 1193,1824 1173,1844 1120,1852 1042,1824 984,1850 875,1828 817,1857 801,1845 752,1858 719,1836 654,1826 620,1849 553,1847 553,1897"/>
                <Baseline points="559,1889 601,1884 643,1880 686,1878 728,1875 771,1873 813,1872 855,1872 898,1871 940,1872 983,1872 1025,1873 1067,1875 1110,1876 1152,1878 1195,1880 1237,1882 1279,1884 1322,1886 1364,1887 1407,1889"/>
                <Word id="r2l29_w1" custom="readingOrder {index:0;}">
                    <Coords points="559,1839 559,1899 729,1899 729,1839"/>
                    <TextEquiv>
                        <Unicode>Reddita</Unicode>
                    </TextEquiv>
                </Word>
                <Word id="r2l29_w2" custom="readingOrder {index:1;}">
                    <Coords points="762,1832 762,1892 822,1892 822,1832"/>
                    <TextEquiv>
                        <Unicode>non</Unicode>
                    </TextEquiv>
                </Word>
                <Word id="r2l29_w3" custom="readingOrder {index:2;}">
                    <Coords points="855,1831 855,1891 957,1891 957,1831"/>
                    <TextEquiv>
                        <Unicode>saluo</Unicode>
                    </TextEquiv>
                </Word>
                <Word id="r2l29_w4" custom="readingOrder {index:3;}">
                    <Coords points="999,1833 999,1893 1084,1893 1084,1833"/>
                    <TextEquiv>
                        <Unicode>forte</Unicode>
                    </TextEquiv>
                </Word>
                <Word id="r2l29_w5" custom="readingOrder {index:4;}">
                    <Coords points="1118,1839 1118,1899 1253,1899 1253,1839"/>
                    <TextEquiv>
                        <Unicode>pudore</Unicode>
                    </TextEquiv>
                </Word>
                <Word id="r2l29_w6" custom="readingOrder {index:5;}">
                    <Coords points="1288,1846 1288,1906 1381,1906 1381,1846"/>
                    <TextEquiv>
                        <Unicode>forem</Unicode>
                    </TextEquiv>
                </Word>
                <TextEquiv>
                    <Unicode>Reddita non salvo forte pudore forem.</Unicode>
                </TextEquiv>
            </TextLine>
            <TextLine id="r2l30" custom="readingOrder {index:28;}">
                <Coords points="508,1965 611,1938 667,1955 709,1941 774,1978 811,1944 860,1957 935,1940 1058,1980 1125,1936 1259,1982 1360,1963 1360,1901 1321,1893 1284,1925 1187,1904 1125,1917 1063,1890 1036,1913 908,1893 856,1908 807,1888 767,1901 682,1884 666,1900 609,1907 527,1892 508,1899 508,1965"/>
                <Baseline points="515,1949 556,1945 598,1943 640,1940 682,1938 724,1936 766,1934 808,1933 850,1932 892,1932 934,1932 975,1932 1017,1932 1059,1933 1101,1934 1143,1935 1185,1937 1227,1938 1269,1939 1311,1941 1353,1943"/>
                <Word id="r2l30_w1" custom="readingOrder {index:0;}">
                    <Coords points="513,1905 513,1965 582,1965 582,1905"/>
                    <TextEquiv>
                        <Unicode>Sed</Unicode>
                    </TextEquiv>
                </Word>
                <Word id="r2l30_w2" custom="readingOrder {index:1;}">
                    <Coords points="620,1900 620,1960 652,1960 652,1900"/>
                    <TextEquiv>
                        <Unicode>tn</Unicode>
                    </TextEquiv>
                </Word>
                <Word id="r2l30_w3" custom="readingOrder {index:2;}">
                    <Coords points="682,1897 682,1957 721,1957 721,1897"/>
                    <TextEquiv>
                        <Unicode>ept</Unicode>
                    </TextEquiv>
                </Word>
                <Word id="r2l30_w4" custom="readingOrder {index:3;}">
                    <Coords points="752,1892 752,1952 868,1952 868,1892"/>
                    <TextEquiv>
                        <Unicode>pribus</Unicode>
                    </TextEquiv>
                </Word>
                <Word id="r2l30_w5" custom="readingOrder {index:4;}">
                    <Coords points="906,1892 906,1952 1075,1952 1075,1892"/>
                    <TextEquiv>
                        <Unicode>tantisque</Unicode>
                    </TextEquiv>
                </Word>
                <Word id="r2l30_w6" custom="readingOrder {index:5;}">
                    <Coords points="1099,1895 1099,1955 1207,1955 1207,1895"/>
                    <TextEquiv>
                        <Unicode>emota</Unicode>
                    </TextEquiv>
                </Word>
                <Word id="r2l30_w7" custom="readingOrder {index:6;}">
                    <Coords points="1253,1900 1253,1960 1353,1960 1353,1900"/>
                    <TextEquiv>
                        <Unicode>pulis</Unicode>
                    </TextEquiv>
                </Word>
                <TextEquiv>
                    <Unicode>Sed tamen et precibus tantisque emota periclis</Unicode>
                </TextEquiv>
            </TextLine>
            <TextLine id="r2l31" custom="readingOrder {index:29;}">
                <Coords points="552,2019 573,2027 627,2005 653,2007 682,2033 759,2028 786,2003 876,1998 923,2013 964,1990 995,2018 1068,1999 1100,2027 1131,2010 1155,2021 1214,2003 1322,2014 1352,2000 1352,1970 1179,1976 1125,1948 1053,1976 955,1949 918,1967 869,1963 838,1944 766,1976 716,1948 671,1972 625,1947 551,1970 552,2019"/>
                <Baseline points="558,2004 597,2001 636,1998 676,1996 715,1994 754,1992 794,1991 833,1990 872,1989 912,1989 951,1989 990,1989 1030,1989 1069,1990 1108,1991 1148,1992 1187,1992 1226,1994 1266,1995 1305,1996 1345,1997"/>
                <Word id="r2l31_w1" custom="readingOrder {index:0;}">
                    <Coords points="561,1957 561,2017 718,2017 718,1957"/>
                    <TextEquiv>
                        <Unicode>Submisi</Unicode>
                    </TextEquiv>
                </Word>
                <Word id="r2l31_w2" custom="readingOrder {index:1;}">
                    <Coords points="746,1950 746,2010 869,2010 869,1950"/>
                    <TextEquiv>
                        <Unicode>faciles</Unicode>
                    </TextEquiv>
                </Word>
                <Word id="r2l31_w3" custom="readingOrder {index:2;}">
                    <Coords points="909,1949 909,2009 944,2009 944,1949"/>
                    <TextEquiv>
                        <Unicode>in</Unicode>
                    </TextEquiv>
                </Word>
                <Word id="r2l31_w4" custom="readingOrder {index:3;}">
                    <Coords points="978,1949 978,2009 1032,2009 1032,1949"/>
                    <TextEquiv>
                        <Unicode>tua</Unicode>
                    </TextEquiv>
                </Word>
                <Word id="r2l31_w5" custom="readingOrder {index:4;}">
                    <Coords points="1067,1950 1067,2010 1142,2010 1142,1950"/>
                    <TextEquiv>
                        <Unicode>iussa</Unicode>
                    </TextEquiv>
                </Word>
                <Word id="r2l31_w6" custom="readingOrder {index:5;}">
                    <Coords points="1183,1954 1183,2014 1334,2014 1334,1954"/>
                    <TextEquiv>
                        <Unicode>manus</Unicode>
                    </TextEquiv>
                </Word>
                <TextEquiv>
                    <Unicode>Submisi faciles in tua iussa manus.</Unicode>
                </TextEquiv>
            </TextLine>
            <TextLine id="r2l32" custom="readingOrder {index:30;}">
                <Coords points="513,2067 591,2078 724,2048 781,2087 839,2092 936,2052 1013,2073 1036,2094 1201,2052 1266,2075 1386,2082 1418,2073 1418,2017 1367,2037 1245,2025 1215,2005 1148,2026 1127,2012 1107,2027 1071,2003 1032,2019 947,2002 885,2018 827,1991 758,2029 680,2034 654,2022 582,2035 513,2004 513,2067"/>
                <Baseline points="519,2058 563,2055 608,2053 652,2051 697,2050 742,2048 786,2047 831,2046 876,2046 920,2046 965,2046 1010,2046 1054,2047 1099,2048 1144,2049 1188,2050 1233,2051 1278,2053 1322,2055 1367,2057 1412,2059"/>
                <Word id="r2l32_w1" custom="readingOrder {index:0;}">
                    <Coords points="518,2014 518,2074 621,2074 621,2014"/>
                    <TextEquiv>
                        <Unicode>Qug</Unicode>
                    </TextEquiv>
                </Word>
                <Word id="r2l32_w2" custom="readingOrder {index:1;}">
                    <Coords points="646,2010 646,2070 741,2070 741,2010"/>
                    <TextEquiv>
                        <Unicode>tame</Unicode>
                    </TextEquiv>
                </Word>
                <Word id="r2l32_w3" custom="readingOrder {index:2;}">
                    <Coords points="774,2006 774,2066 884,2066 884,2006"/>
                    <TextEquiv>
                        <Unicode>officiis</Unicode>
                    </TextEquiv>
                </Word>
                <Word id="r2l32_w4" custom="readingOrder {index:3;}">
                    <Coords points="917,2006 917,2066 996,2066 996,2006"/>
                    <TextEquiv>
                        <Unicode>illis</Unicode>
                    </TextEquiv>
                </Word>
                <Word id="r2l32_w5" custom="readingOrder {index:4;}">
                    <Coords points="1045,2007 1045,2067 1084,2067 1084,2007"/>
                    <TextEquiv>
                        <Unicode>sit</Unicode>
                    </TextEquiv>
                </Word>
                <Word id="r2l32_w6" custom="readingOrder {index:5;}">
                    <Coords points="1116,2009 1116,2069 1252,2069 1252,2009"/>
                    <TextEquiv>
                        <Unicode>tradita</Unicode>
                    </TextEquiv>
                </Word>
                <Word id="r2l32_w7" custom="readingOrder {index:6;}">
                    <Coords points="1283,2016 1283,2076 1411,2076 1411,2016"/>
                    <TextEquiv>
                        <Unicode>merres</Unicode>
                    </TextEquiv>
                </Word>
                <TextEquiv>
                    <Unicode>Quę tamen officiis illis sit tradita merces</Unicode>
                </TextEquiv>
            </TextLine>
            <TextLine id="r2l33" custom="readingOrder {index:31;}">
                <Coords points="559,2138 596,2145 677,2108 799,2122 848,2155 948,2132 1103,2163 1177,2124 1227,2146 1255,2137 1355,2162 1409,2155 1409,2101 1345,2072 1327,2084 1289,2075 1272,2093 1178,2087 1149,2058 1106,2086 1032,2091 996,2068 953,2083 835,2072 784,2090 725,2054 674,2084 636,2067 591,2078 559,2068 559,2138"/>
                <Baseline points="566,2112 607,2111 649,2111 691,2110 733,2109 775,2109 816,2108 858,2108 900,2108 942,2108 984,2108 1025,2108 1067,2108 1109,2109 1151,2110 1193,2111 1234,2112 1276,2115 1318,2116 1360,2119 1402,2122"/>
                <Word id="r2l33_w1" custom="readingOrder {index:0;}">
                    <Coords points="561,2071 561,2131 612,2131 612,2071"/>
                    <TextEquiv>
                        <Unicode>spe</Unicode>
                    </TextEquiv>
                </Word>
                <Word id="r2l33_w2" custom="readingOrder {index:1;}">
                    <Coords points="651,2069 651,2129 793,2129 793,2069"/>
                    <TextEquiv>
                        <Unicode>vides,</Unicode>
                    </TextEquiv>
                </Word>
                <Word id="r2l33_w3" custom="readingOrder {index:2;}">
                    <Coords points="819,2068 819,2128 934,2128 934,2068"/>
                    <TextEquiv>
                        <Unicode>taerum</Unicode>
                    </TextEquiv>
                </Word>
                <Word id="r2l33_w4" custom="readingOrder {index:3;}">
                    <Coords points="993,2068 993,2128 1018,2128 1018,2068"/>
                    <TextEquiv>
                        <Unicode>tu</Unicode>
                    </TextEquiv>
                </Word>
                <Word id="r2l33_w5" custom="readingOrder {index:4;}">
                    <Coords points="1057,2068 1057,2128 1083,2128 1083,2068"/>
                    <TextEquiv>
                        <Unicode>in</Unicode>
                    </TextEquiv>
                </Word>
                <Word id="r2l33_w6" custom="readingOrder {index:5;}">
                    <Coords points="1122,2070 1122,2130 1244,2130 1244,2070"/>
                    <TextEquiv>
                        <Unicode>lunem</Unicode>
                    </TextEquiv>
                </Word>
                <Word id="r2l33_w7" custom="readingOrder {index:6;}">
                    <Coords points="1277,2077 1277,2137 1411,2137 1411,2077"/>
                    <TextEquiv>
                        <Unicode>labes.</Unicode>
                    </TextEquiv>
                </Word>
                <TextEquiv>
                    <Unicode>Ipse vides, coecum tu nisi lumen habes.</Unicode>
                </TextEquiv>
            </TextLine>
            <TextEquiv>
                <Unicode>Quod si sanctus erit, si leges servat honesti,
Nil nobis damni, quod metuamus, erit
At si ( quod vereor ) contempto numine vivit,
( Qualiter, hei, maior vivere turba solet )
Externos peregris quis nos servabit in oris.
Quis nobis vires consiliumque dabit?
Ipse, tuae, metuo, ne propter munera formae
Perditus infoelix damna cruenta feram.
Princeps forte tui correptus barbarus igne
Non volet immunes caedis habere manus,
Quin clam vel pālam misero mala fata parabit,
Detur ut optata coniuge posse frui.
Quare ego per casti te iura sacerrima lecti
Perque caput nostrum, per tua fata precor,
Ut me germanum dicas, non esse maritum,
Ne vitę surgant summa pericla meae.
Talia plorantem non te dixisse negabis
Nunquam, nec poteris, si tamen ipse voles.
Quid facerem infoelix? Plorantia coniugis ora
Cernebam et tremulo pectora plena metu.
Me iubet hoc pietas, iubet hoc spes salva mariti,
Quamque tibi dederam per sacra iura, fides.
Sed tamen in dubio tristis mens fluctuat inde,
Hęrebant animo pristina damna meo.
〈 Gen. 12 〉 Cum simili casu Phario tibi rapta tyranno
Non parvo subii dira pericla metu.
Cum nisi me Dominus coelo iuvisset ab alto
Reddita non salvo forte pudore forem.
Sed tamen et precibus tantisque emota periclis
Submisi faciles in tua iussa manus.
Quę tamen officiis illis sit tradita merces
Ipse vides, coecum tu nisi lumen habes.</Unicode>
            </TextEquiv>
        </TextRegion>
    </Page>
</PcGts>
