<?xml version="1.0" encoding="UTF-8" standalone="yes"?>
<PcGts xmlns="http://schema.primaresearch.org/PAGE/gts/pagecontent/2013-07-15" xmlns:xsi="http://www.w3.org/2001/XMLSchema-instance" xsi:schemaLocation="http://schema.primaresearch.org/PAGE/gts/pagecontent/2013-07-15 http://schema.primaresearch.org/PAGE/gts/pagecontent/2013-07-15/pagecontent.xsd">
    <Metadata>
        <Creator>prov=READ-COOP:name=PyLaia@TranskribusPlatform:version=0.3.9:model_id=27337:lm=none:date=09_03_2021_13:58
prov=READ-Coop:name=PyLaia@Transkribus:version=0.3.9:model_id=27337:lm=none:date=09_03_2021_13:57
prov=University of Rostock/Institute of Mathematics/CITlab|PLANET AI GmbH/Tobias Gruening/tobias.gruening@planet-ai.de:name=de.uros.citlab.module.baseline2polygon.B2PSeamMultiOriented:v=2.6.7</Creator>
        <Created>2021-03-09T13:06:31.534+01:00</Created>
        <LastChange>2021-03-13T13:48:17.481+01:00</LastChange>
        <TranskribusMetadata docId="625925" pageId="24647315" pageNr="85" tsid="53654832" status="GT" userId="10592" imgUrl="https://files.transkribus.eu/Get?id=SNKZVCMLXITJDVVOVVXAMYKE&amp;fileType=view" xmlUrl="https://files.transkribus.eu/Get?id=LWTCQYBUCQNHVLBLUNEDPWIS" imageId="18988702"/>
    </Metadata>
    <Page imageFilename="1111744.jpeg" imageWidth="2000" imageHeight="2581">
        <ReadingOrder>
            <OrderedGroup id="ro_1621678271503" caption="Regions reading order">
                <RegionRefIndexed index="0" regionRef="r1"/>
            </OrderedGroup>
        </ReadingOrder>
        <TextRegion orientation="0.0" id="r1" custom="readingOrder {index:0;}">
            <Coords points="455,203 455,2220 1840,2220 1840,203"/>
            <TextLine id="r1l1" custom="readingOrder {index:0;}">
                <Coords points="477,276 562,251 630,275 733,259 804,294 883,243 920,259 959,254 1020,293 1067,259 1259,242 1330,253 1356,279 1412,254 1457,285 1497,275 1497,170 1437,190 1349,166 1334,177 1237,171 1123,202 1054,170 1000,201 939,195 863,219 799,195 755,220 726,192 670,178 622,203 589,170 523,146 476,155 477,276"/>
                <Baseline points="484,237 534,238 584,238 634,238 685,238 735,238 785,238 836,237 886,237 936,236 987,235 1037,235 1087,235 1137,234 1188,234 1238,234 1288,234 1339,235 1389,235 1439,237 1490,238"/>
                <Word id="r1l1_w1" custom="readingOrder {index:0;}">
                    <Coords points="493,198 493,258 711,258 711,198"/>
                    <TextEquiv>
                        <Unicode>tratribus</Unicode>
                    </TextEquiv>
                </Word>
                <Word id="r1l1_w2" custom="readingOrder {index:1;}">
                    <Coords points="757,197 757,257 848,257 848,197"/>
                    <TextEquiv>
                        <Unicode>atque</Unicode>
                    </TextEquiv>
                </Word>
                <Word id="r1l1_w3" custom="readingOrder {index:2;}">
                    <Coords points="866,196 866,256 967,256 967,196"/>
                    <TextEquiv>
                        <Unicode>meis</Unicode>
                    </TextEquiv>
                </Word>
                <Word id="r1l1_w4" custom="readingOrder {index:3;}">
                    <Coords points="1013,195 1013,255 1150,255 1150,195"/>
                    <TextEquiv>
                        <Unicode>praesenti</Unicode>
                    </TextEquiv>
                </Word>
                <Word id="r1l1_w5" custom="readingOrder {index:4;}">
                    <Coords points="1177,194 1177,254 1341,254 1341,194"/>
                    <TextEquiv>
                        <Unicode>munine</Unicode>
                    </TextEquiv>
                </Word>
                <Word id="r1l1_w6" custom="readingOrder {index:5;}">
                    <Coords points="1378,196 1378,256 1469,256 1469,196"/>
                    <TextEquiv>
                        <Unicode>semp</Unicode>
                    </TextEquiv>
                </Word>
                <TextEquiv>
                    <Unicode>Fratribus atque meis praesenti numine semper  </Unicode>
                </TextEquiv>
            </TextLine>
            <TextLine id="r1l2" custom="readingOrder {index:1;}">
                <Coords points="503,347 625,315 656,334 966,314 1038,333 1062,315 1106,315 1133,341 1204,330 1222,312 1274,325 1380,316 1499,346 1596,318 1596,259 1561,266 1535,251 1457,296 1372,274 1328,283 1306,267 1240,275 1185,249 1067,259 1024,290 988,267 904,285 851,267 825,289 754,291 725,268 627,276 559,252 503,286 503,347"/>
                <Baseline points="511,320 564,317 618,315 672,314 726,312 780,310 834,309 887,309 941,308 995,308 1049,308 1103,308 1157,308 1211,309 1264,310 1318,311 1372,313 1426,314 1480,316 1534,318 1588,320"/>
                <Word id="r1l2_w1" custom="readingOrder {index:0;}">
                    <Coords points="513,275 513,335 678,335 678,275"/>
                    <TextEquiv>
                        <Unicode>Adsis,</Unicode>
                    </TextEquiv>
                </Word>
                <Word id="r1l2_w2" custom="readingOrder {index:1;}">
                    <Coords points="705,271 705,331 774,331 774,271"/>
                    <TextEquiv>
                        <Unicode>nec</Unicode>
                    </TextEquiv>
                </Word>
                <Word id="r1l2_w3" custom="readingOrder {index:2;}">
                    <Coords points="815,268 815,328 980,328 980,268"/>
                    <TextEquiv>
                        <Unicode>merita</Unicode>
                    </TextEquiv>
                </Word>
                <Word id="r1l2_w4" custom="readingOrder {index:3;}">
                    <Coords points="1028,268 1028,328 1207,328 1207,268"/>
                    <TextEquiv>
                        <Unicode>comissae</Unicode>
                    </TextEquiv>
                </Word>
                <Word id="r1l2_w5" custom="readingOrder {index:4;}">
                    <Coords points="1241,271 1241,331 1433,331 1433,271"/>
                    <TextEquiv>
                        <Unicode>crimina</Unicode>
                    </TextEquiv>
                </Word>
                <Word id="r1l2_w6" custom="readingOrder {index:5;}">
                    <Coords points="1475,277 1475,337 1577,337 1577,277"/>
                    <TextEquiv>
                        <Unicode>eedis</Unicode>
                    </TextEquiv>
                </Word>
                <TextEquiv>
                    <Unicode>Adsis, nec merita commissae crimina cędis </Unicode>
                </TextEquiv>
            </TextLine>
            <TextLine id="r1l3" custom="readingOrder {index:2;}">
                <Coords points="501,419 566,398 690,395 721,415 743,408 803,428 853,403 896,403 922,428 972,392 1003,403 1053,392 1106,420 1154,410 1183,437 1245,387 1287,386 1343,392 1393,431 1503,436 1541,402 1561,402 1561,344 1458,371 1404,363 1333,317 1259,317 1216,337 1151,329 1119,355 1077,321 998,350 964,326 929,349 869,350 798,344 766,316 732,347 669,363 584,363 542,332 521,339 501,347 501,419"/>
                <Baseline points="509,396 561,391 613,388 665,385 717,383 770,382 822,381 874,380 926,380 978,380 1031,381 1083,381 1135,382 1187,383 1239,384 1292,385 1344,386 1396,387 1448,388 1500,388 1553,389"/>
                <Word id="r1l3_w1" custom="readingOrder {index:0;}">
                    <Coords points="511,350 511,410 635,410 635,350"/>
                    <TextEquiv>
                        <Unicode>Pana</Unicode>
                    </TextEquiv>
                </Word>
                <Word id="r1l3_w2" custom="readingOrder {index:1;}">
                    <Coords points="677,341 677,401 895,401 895,341"/>
                    <TextEquiv>
                        <Unicode>eastiges,</Unicode>
                    </TextEquiv>
                </Word>
                <Word id="r1l3_w3" custom="readingOrder {index:2;}">
                    <Coords points="915,340 915,400 1082,400 1082,340"/>
                    <TextEquiv>
                        <Unicode>plarido</Unicode>
                    </TextEquiv>
                </Word>
                <Word id="r1l3_w4" custom="readingOrder {index:3;}">
                    <Coords points="1112,341 1112,401 1155,401 1155,341"/>
                    <TextEquiv>
                        <Unicode>se</Unicode>
                    </TextEquiv>
                </Word>
                <Word id="r1l3_w5" custom="readingOrder {index:4;}">
                    <Coords points="1185,344 1185,404 1352,404 1352,344"/>
                    <TextEquiv>
                        <Unicode>pertore</Unicode>
                    </TextEquiv>
                </Word>
                <Word id="r1l3_w6" custom="readingOrder {index:5;}">
                    <Coords points="1394,348 1394,408 1528,408 1528,348"/>
                    <TextEquiv>
                        <Unicode>noxam</Unicode>
                    </TextEquiv>
                </Word>
                <TextEquiv>
                    <Unicode>Poena castiges, placido sed pectore noxam </Unicode>
                </TextEquiv>
            </TextLine>
            <TextLine id="r1l4" custom="readingOrder {index:3;}">
                <Coords points="521,482 581,477 616,495 655,467 737,474 752,459 802,475 840,462 879,483 913,467 1102,474 1114,461 1200,470 1222,459 1295,495 1324,488 1395,507 1471,470 1588,461 1638,473 1638,391 1550,394 1508,436 1282,437 1213,422 1168,437 1140,411 1074,422 1034,396 1006,414 948,403 921,429 895,403 853,403 794,435 724,437 655,395 623,424 597,406 581,419 521,416 521,482"/>
                <Baseline points="529,466 584,463 639,460 694,458 749,457 804,456 859,455 914,454 969,454 1024,454 1080,455 1135,455 1190,456 1245,456 1300,457 1355,458 1410,458 1465,459 1520,460 1575,460 1631,460"/>
                <Word id="r1l4_w1" custom="readingOrder {index:0;}">
                    <Coords points="525,420 525,480 739,480 739,420"/>
                    <TextEquiv>
                        <Unicode>Condena</Unicode>
                    </TextEquiv>
                </Word>
                <Word id="r1l4_w2" custom="readingOrder {index:1;}">
                    <Coords points="789,414 789,474 954,474 954,414"/>
                    <TextEquiv>
                        <Unicode>iniseris</Unicode>
                    </TextEquiv>
                </Word>
                <Word id="r1l4_w3" custom="readingOrder {index:2;}">
                    <Coords points="1018,415 1018,475 1210,475 1210,415"/>
                    <TextEquiv>
                        <Unicode>venient</Unicode>
                    </TextEquiv>
                </Word>
                <Word id="r1l4_w4" custom="readingOrder {index:3;}">
                    <Coords points="1261,416 1261,476 1311,476 1311,416"/>
                    <TextEquiv>
                        <Unicode>na</Unicode>
                    </TextEquiv>
                </Word>
                <Word id="r1l4_w5" custom="readingOrder {index:4;}">
                    <Coords points="1361,418 1361,478 1425,478 1425,418"/>
                    <TextEquiv>
                        <Unicode>tpq</Unicode>
                    </TextEquiv>
                </Word>
                <Word id="r1l4_w6" custom="readingOrder {index:5;}">
                    <Coords points="1468,419 1468,479 1568,479 1568,419"/>
                    <TextEquiv>
                        <Unicode>credo</Unicode>
                    </TextEquiv>
                </Word>
                <Word id="r1l4_w7" custom="readingOrder {index:6;}">
                    <Coords points="1597,420 1597,480 1632,480 1632,420"/>
                    <TextEquiv>
                        <Unicode>vt</Unicode>
                    </TextEquiv>
                </Word>
                <TextEquiv>
                    <Unicode>Condona miseris, venient nam tempora credo ut </Unicode>
                </TextEquiv>
            </TextLine>
            <TextLine id="r1l5" custom="readingOrder {index:4;}">
                <Coords points="517,569 575,547 654,554 672,540 727,555 767,587 818,546 896,536 983,548 1078,532 1112,546 1171,531 1214,563 1246,545 1283,580 1350,536 1438,546 1460,531 1556,584 1699,539 1698,484 1609,470 1585,482 1563,467 1534,494 1486,504 1306,491 1284,506 1226,494 1178,507 1132,499 1090,468 1055,502 997,509 968,508 924,476 877,486 855,467 823,482 779,468 761,486 708,493 531,481 516,488 517,569"/>
                <Baseline points="525,544 583,541 641,538 699,535 758,533 816,532 874,530 933,529 991,529 1049,528 1108,528 1166,528 1224,528 1282,528 1341,528 1399,528 1457,528 1516,528 1574,528 1632,527 1691,526"/>
                <Word id="r1l5_w1" custom="readingOrder {index:0;}">
                    <Coords points="532,498 532,558 744,558 744,498"/>
                    <TextEquiv>
                        <Unicode>Paeniteat</Unicode>
                    </TextEquiv>
                </Word>
                <Word id="r1l5_w2" custom="readingOrder {index:1;}">
                    <Coords points="788,489 788,549 982,549 982,489"/>
                    <TextEquiv>
                        <Unicode>sceleris,</Unicode>
                    </TextEquiv>
                </Word>
                <Word id="r1l5_w3" custom="readingOrder {index:2;}">
                    <Coords points="1000,488 1000,548 1151,548 1151,488"/>
                    <TextEquiv>
                        <Unicode>melius</Unicode>
                    </TextEquiv>
                </Word>
                <Word id="r1l5_w4" custom="readingOrder {index:3;}">
                    <Coords points="1194,488 1194,548 1319,548 1319,488"/>
                    <TextEquiv>
                        <Unicode>quoque</Unicode>
                    </TextEquiv>
                </Word>
                <Word id="r1l5_w5" custom="readingOrder {index:4;}">
                    <Coords points="1345,488 1345,548 1495,548 1495,488"/>
                    <TextEquiv>
                        <Unicode>vinere</Unicode>
                    </TextEquiv>
                </Word>
                <Word id="r1l5_w6" custom="readingOrder {index:5;}">
                    <Coords points="1531,487 1531,547 1681,547 1681,487"/>
                    <TextEquiv>
                        <Unicode>discent</Unicode>
                    </TextEquiv>
                </Word>
                <TextEquiv>
                    <Unicode>Poeniteat sceleris, melius quoque vivere discent.</Unicode>
                </TextEquiv>
            </TextLine>
            <TextLine id="line_1615639427866_797" custom="readingOrder {index:5;}">
                <Coords points="446,590 489,563 565,557 1018,535 1376,558 1463,583 1464,628 1356,641 826,662 637,666 447,646"/>
                <Baseline points="455,630 505,623 555,619 605,614 655,610 705,608 755,606 805,604 855,603 905,603 955,603 1005,603 1055,603 1105,604 1155,605 1205,605 1255,605 1305,606 1355,605 1405,605 1455,604 1027,565 1055,563 1083,564 1112,562"/>
                <Word id="r1l6_w1" custom="readingOrder {index:0;}">
                    <Coords points="1020,523 1020,583 1096,583 1096,523"/>
                    <TextEquiv>
                        <Unicode>nun</Unicode>
                    </TextEquiv>
                </Word>
                <Word id="r1l7_w1" custom="readingOrder {index:1;}">
                    <Coords points="455,583 455,643 542,643 542,583"/>
                    <TextEquiv>
                        <Unicode>At</Unicode>
                    </TextEquiv>
                </Word>
                <Word id="r1l7_w2" custom="readingOrder {index:2;}">
                    <Coords points="570,573 570,633 648,633 648,573"/>
                    <TextEquiv>
                        <Unicode>alij</Unicode>
                    </TextEquiv>
                </Word>
                <Word id="r1l7_w3" custom="readingOrder {index:3;}">
                    <Coords points="678,568 678,628 707,628 707,568"/>
                    <TextEquiv>
                        <Unicode>in</Unicode>
                    </TextEquiv>
                </Word>
                <Word id="r1l7_w4" custom="readingOrder {index:4;}">
                    <Coords points="745,564 745,624 852,624 852,564"/>
                    <TextEquiv>
                        <Unicode>puteo</Unicode>
                    </TextEquiv>
                </Word>
                <Word id="r1l7_w5" custom="readingOrder {index:5;}">
                    <Coords points="891,563 891,623 978,623 978,563"/>
                    <TextEquiv>
                        <Unicode>suis</Unicode>
                    </TextEquiv>
                </Word>
                <Word id="r1l7_w6" custom="readingOrder {index:6;}">
                    <Coords points="1008,563 1008,623 1027,623 1027,563"/>
                    <TextEquiv>
                        <Unicode>n</Unicode>
                    </TextEquiv>
                </Word>
                <Word id="r1l7_w7" custom="readingOrder {index:7;}">
                    <Coords points="1124,565 1124,625 1279,625 1279,565"/>
                    <TextEquiv>
                        <Unicode>inistia</Unicode>
                    </TextEquiv>
                </Word>
                <Word id="r1l7_w8" custom="readingOrder {index:8;}">
                    <Coords points="1347,565 1347,625 1444,625 1444,565"/>
                    <TextEquiv>
                        <Unicode>fata</Unicode>
                    </TextEquiv>
                </Word>
                <TextEquiv>
                    <Unicode>Ast alii in puteo fratris cum tristia fata </Unicode>
                </TextEquiv>
            </TextLine>
            <TextLine id="r1l8" custom="readingOrder {index:6;}">
                <Coords points="520,710 567,691 643,710 698,686 730,702 828,670 948,724 998,700 1062,695 1104,713 1167,679 1272,696 1327,725 1418,683 1447,699 1526,693 1627,723 1659,707 1659,612 1599,633 1528,591 1462,648 1360,635 1259,651 1239,640 1196,650 1151,617 1110,630 1083,611 1039,651 1010,634 970,644 935,619 886,653 796,652 778,636 754,657 640,662 609,659 567,626 520,622 520,710"/>
                <Baseline points="529,688 585,684 641,681 697,679 753,676 809,675 865,674 921,674 977,674 1033,674 1090,674 1146,675 1202,675 1258,676 1314,677 1370,678 1426,678 1482,679 1538,679 1594,679 1651,679"/>
                <Word id="r1l8_w1" custom="readingOrder {index:0;}">
                    <Coords points="525,640 525,700 771,700 771,640"/>
                    <TextEquiv>
                        <Unicode>sercipunt</Unicode>
                    </TextEquiv>
                </Word>
                <Word id="r1l8_w2" custom="readingOrder {index:1;}">
                    <Coords points="858,634 858,694 1065,694 1065,634"/>
                    <TextEquiv>
                        <Unicode>vident,</Unicode>
                    </TextEquiv>
                </Word>
                <Word id="r1l8_w3" custom="readingOrder {index:2;}">
                    <Coords points="1081,635 1081,695 1247,695 1247,635"/>
                    <TextEquiv>
                        <Unicode>ludunt</Unicode>
                    </TextEquiv>
                </Word>
                <Word id="r1l8_w4" custom="readingOrder {index:3;}">
                    <Coords points="1295,637 1295,697 1390,697 1390,637"/>
                    <TextEquiv>
                        <Unicode>atque</Unicode>
                    </TextEquiv>
                </Word>
                <Word id="r1l8_w5" custom="readingOrder {index:4;}">
                    <Coords points="1406,638 1406,698 1461,698 1461,638"/>
                    <TextEquiv>
                        <Unicode>ove</Unicode>
                    </TextEquiv>
                </Word>
                <Word id="r1l8_w6" custom="readingOrder {index:5;}">
                    <Coords points="1494,639 1494,699 1652,699 1652,639"/>
                    <TextEquiv>
                        <Unicode>diducto</Unicode>
                    </TextEquiv>
                </Word>
                <TextEquiv>
                    <Unicode>Percipiunt, rident, ludunt atque ore dĭducto </Unicode>
                </TextEquiv>
            </TextLine>
            <TextLine id="r1l9" custom="readingOrder {index:7;}">
                <Coords points="523,795 567,799 635,754 740,763 783,738 825,778 872,795 959,765 1010,787 1028,771 1044,780 1098,762 1193,768 1233,797 1306,764 1380,796 1423,763 1559,767 1639,787 1652,782 1653,714 1616,726 1579,714 1537,731 1501,699 1469,691 1443,708 1405,690 1322,728 1279,704 1250,725 1169,708 1130,724 1061,694 992,723 932,722 880,698 858,720 800,725 748,697 643,711 618,694 590,707 548,699 524,707 523,795"/>
                <Baseline points="532,753 587,751 643,749 698,747 754,746 810,745 865,745 921,744 976,744 1032,745 1088,745 1143,746 1199,747 1254,748 1310,749 1366,750 1421,752 1477,753 1532,755 1588,756 1644,758"/>
                <Word id="r1l9_w1" custom="readingOrder {index:0;}">
                    <Coords points="530,709 530,769 754,769 754,709"/>
                    <TextEquiv>
                        <Unicode>Insultant</Unicode>
                    </TextEquiv>
                </Word>
                <Word id="r1l9_w2" custom="readingOrder {index:1;}">
                    <Coords points="806,705 806,765 919,765 919,705"/>
                    <TextEquiv>
                        <Unicode>capto</Unicode>
                    </TextEquiv>
                </Word>
                <Word id="r1l9_w3" custom="readingOrder {index:2;}">
                    <Coords points="962,705 962,765 1161,765 1161,705"/>
                    <TextEquiv>
                        <Unicode>unsere,</Unicode>
                    </TextEquiv>
                </Word>
                <Word id="r1l9_w4" custom="readingOrder {index:3;}">
                    <Coords points="1178,708 1178,768 1368,768 1368,708"/>
                    <TextEquiv>
                        <Unicode>regenqur</Unicode>
                    </TextEquiv>
                </Word>
                <Word id="r1l9_w5" custom="readingOrder {index:4;}">
                    <Coords points="1402,713 1402,773 1601,773 1601,713"/>
                    <TextEquiv>
                        <Unicode>salutant</Unicode>
                    </TextEquiv>
                </Word>
                <TextEquiv>
                    <Unicode>Insultant capto misere, regemque salutant,</Unicode>
                </TextEquiv>
            </TextLine>
            <TextLine id="r1l10" custom="readingOrder {index:8;}">
                <Coords points="449,840 501,853 546,836 591,844 656,810 738,867 762,851 886,852 909,867 944,843 1059,844 1095,828 1107,841 1175,843 1199,822 1217,840 1257,843 1288,872 1380,826 1497,869 1562,852 1634,868 1635,781 1577,787 1537,768 1425,762 1362,802 1314,763 1225,798 1192,767 1122,776 1101,762 1075,787 1027,772 977,793 947,772 882,793 803,774 743,787 711,762 661,756 643,770 611,763 561,800 468,762 450,769 449,840"/>
                <Baseline points="457,830 515,826 574,823 632,820 691,818 749,817 808,816 866,815 925,815 983,815 1042,816 1100,817 1159,818 1217,819 1276,820 1334,822 1393,824 1451,826 1510,829 1568,831 1627,833"/>
                <Word id="r1l10_w1" custom="readingOrder {index:0;}">
                    <Coords points="467,785 467,845 599,845 599,785"/>
                    <TextEquiv>
                        <Unicode>Qrex</Unicode>
                    </TextEquiv>
                </Word>
                <Word id="r1l10_w2" custom="readingOrder {index:1;}">
                    <Coords points="657,778 657,838 685,838 685,778"/>
                    <TextEquiv>
                        <Unicode>so</Unicode>
                    </TextEquiv>
                </Word>
                <Word id="r1l10_w3" custom="readingOrder {index:2;}">
                    <Coords points="722,775 722,835 989,835 989,775"/>
                    <TextEquiv>
                        <Unicode>princeps,</Unicode>
                    </TextEquiv>
                </Word>
                <Word id="r1l10_w4" custom="readingOrder {index:3;}">
                    <Coords points="1007,775 1007,835 1026,835 1026,775"/>
                    <TextEquiv>
                        <Unicode>o</Unicode>
                    </TextEquiv>
                </Word>
                <Word id="r1l10_w5" custom="readingOrder {index:4;}">
                    <Coords points="1065,777 1065,837 1216,837 1216,777"/>
                    <TextEquiv>
                        <Unicode>ductor</Unicode>
                    </TextEquiv>
                </Word>
                <Word id="r1l10_w6" custom="readingOrder {index:5;}">
                    <Coords points="1255,783 1255,843 1483,843 1483,783"/>
                    <TextEquiv>
                        <Unicode>splendide</Unicode>
                    </TextEquiv>
                </Word>
                <Word id="r1l10_w7" custom="readingOrder {index:6;}">
                    <Coords points="1520,791 1520,851 1634,851 1634,791"/>
                    <TextEquiv>
                        <Unicode>fim¬</Unicode>
                    </TextEquiv>
                </Word>
                <TextEquiv>
                    <Unicode>O rex, o princeps, o ductor splendide fratrum, </Unicode>
                </TextEquiv>
            </TextLine>
            <TextLine id="r1l11" custom="readingOrder {index:9;}">
                <Coords points="515,921 560,910 602,945 631,926 660,939 703,898 768,898 791,879 899,907 953,886 1042,897 1061,884 1087,901 1116,886 1189,921 1245,903 1273,915 1318,894 1365,908 1392,898 1405,911 1427,900 1453,916 1515,892 1563,937 1607,945 1644,912 1726,915 1726,835 1701,827 1631,869 1503,869 1440,837 1381,871 1368,860 1256,868 1200,821 1156,852 1100,834 1039,860 982,849 903,867 868,856 808,867 761,851 739,869 695,871 611,836 590,853 547,837 515,852 515,921"/>
                <Baseline points="523,899 582,896 642,893 702,890 762,888 821,887 881,886 941,885 1001,885 1060,884 1120,885 1180,885 1240,885 1299,886 1359,887 1419,888 1479,889 1538,889 1598,890 1658,891 1718,892"/>
                <Word id="r1l11_w1" custom="readingOrder {index:0;}">
                    <Coords points="540,857 540,917 558,917 558,857"/>
                    <TextEquiv>
                        <Unicode>O</Unicode>
                    </TextEquiv>
                </Word>
                <Word id="r1l11_w2" custom="readingOrder {index:1;}">
                    <Coords points="612,850 612,910 766,910 766,850"/>
                    <TextEquiv>
                        <Unicode>sapiens</Unicode>
                    </TextEquiv>
                </Word>
                <Word id="r1l11_w3" custom="readingOrder {index:2;}">
                    <Coords points="847,845 847,905 929,905 929,845"/>
                    <TextEquiv>
                        <Unicode>cur</Unicode>
                    </TextEquiv>
                </Word>
                <Word id="r1l11_w4" custom="readingOrder {index:3;}">
                    <Coords points="965,844 965,904 1038,904 1038,844"/>
                    <TextEquiv>
                        <Unicode>non</Unicode>
                    </TextEquiv>
                </Word>
                <Word id="r1l11_w5" custom="readingOrder {index:4;}">
                    <Coords points="1074,845 1074,905 1228,905 1228,845"/>
                    <TextEquiv>
                        <Unicode>tandem</Unicode>
                    </TextEquiv>
                </Word>
                <Word id="r1l11_w6" custom="readingOrder {index:5;}">
                    <Coords points="1291,846 1291,906 1354,906 1354,846"/>
                    <TextEquiv>
                        <Unicode>tud</Unicode>
                    </TextEquiv>
                </Word>
                <Word id="r1l11_w7" custom="readingOrder {index:6;}">
                    <Coords points="1409,848 1409,908 1544,908 1544,848"/>
                    <TextEquiv>
                        <Unicode>sommia</Unicode>
                    </TextEquiv>
                </Word>
                <Word id="r1l11_w8" custom="readingOrder {index:7;}">
                    <Coords points="1590,850 1590,910 1689,910 1689,850"/>
                    <TextEquiv>
                        <Unicode>quis</Unicode>
                    </TextEquiv>
                </Word>
                <TextEquiv>
                    <Unicode>O sapiens, cur non tandem tua somnia promis? </Unicode>
                </TextEquiv>
            </TextLine>
            <TextLine id="r1l12" custom="readingOrder {index:10;}">
                <Coords points="525,983 613,976 726,1013 826,995 847,975 910,1014 957,993 1020,1012 1073,963 1108,983 1149,955 1189,976 1218,969 1250,1001 1299,995 1370,1015 1408,994 1449,1012 1487,976 1521,979 1542,961 1610,995 1699,969 1698,914 1666,926 1639,913 1602,945 1586,932 1563,939 1511,892 1477,917 1345,904 1329,917 1281,908 1160,932 1123,916 994,917 953,886 921,917 831,916 783,940 686,915 660,939 631,926 602,944 565,910 524,917 525,983"/>
                <Baseline points="532,974 593,969 654,965 715,962 776,960 837,958 898,956 959,956 1020,955 1081,956 1142,956 1203,956 1264,957 1325,958 1386,959 1447,960 1508,961 1569,961 1630,962 1691,962"/>
                <Word id="r1l12_w1" custom="readingOrder {index:0;}">
                    <Coords points="536,926 536,986 715,986 715,926"/>
                    <TextEquiv>
                        <Unicode>Quids</Unicode>
                    </TextEquiv>
                </Word>
                <Word id="r1l12_w2" custom="readingOrder {index:1;}">
                    <Coords points="770,916 770,976 971,976 971,916"/>
                    <TextEquiv>
                        <Unicode>mamipli</Unicode>
                    </TextEquiv>
                </Word>
                <Word id="r1l12_w3" custom="readingOrder {index:2;}">
                    <Coords points="1004,915 1004,975 1139,975 1139,915"/>
                    <TextEquiv>
                        <Unicode>qrasunt</Unicode>
                    </TextEquiv>
                </Word>
                <Word id="r1l12_w4" custom="readingOrder {index:3;}">
                    <Coords points="1183,916 1183,976 1305,976 1305,916"/>
                    <TextEquiv>
                        <Unicode>rapto</Unicode>
                    </TextEquiv>
                </Word>
                <Word id="r1l12_w5" custom="readingOrder {index:4;}">
                    <Coords points="1340,918 1340,978 1418,978 1418,918"/>
                    <TextEquiv>
                        <Unicode>quid</Unicode>
                    </TextEquiv>
                </Word>
                <Word id="r1l12_w6" custom="readingOrder {index:5;}">
                    <Coords points="1451,920 1451,980 1541,980 1541,920"/>
                    <TextEquiv>
                        <Unicode>suda</Unicode>
                    </TextEquiv>
                </Word>
                <Word id="r1l12_w7" custom="readingOrder {index:6;}">
                    <Coords points="1574,922 1574,982 1696,982 1696,922"/>
                    <TextEquiv>
                        <Unicode>caeli¬</Unicode>
                    </TextEquiv>
                </Word>
                <TextEquiv>
                    <Unicode>Quid manipli prosunt capto? quid sydera coeli?</Unicode>
                </TextEquiv>
            </TextLine>
            <TextLine id="r1l13" custom="readingOrder {index:11;}">
                <Coords points="527,1061 596,1092 651,1037 696,1050 716,1035 790,1045 840,1027 912,1084 1014,1053 1062,1068 1109,1045 1183,1052 1241,1037 1320,1070 1396,1041 1451,1076 1470,1073 1515,1037 1569,1068 1673,1068 1712,1049 1785,1075 1785,1012 1702,1007 1680,986 1596,995 1535,966 1483,979 1451,1012 1249,1000 1217,968 1125,1003 1074,963 1051,986 1017,986 990,1005 924,992 846,1011 799,995 770,1011 667,1002 612,1014 570,989 527,985 527,1061"/>
                <Baseline points="535,1043 597,1040 659,1037 721,1034 783,1032 845,1030 907,1029 969,1028 1031,1027 1093,1027 1156,1027 1218,1027 1280,1028 1342,1029 1404,1030 1466,1031 1528,1033 1590,1035 1652,1037 1714,1039 1777,1042"/>
                <Word id="r1l13_w1" custom="readingOrder {index:0;}">
                    <Coords points="535,1000 535,1060 637,1060 637,1000"/>
                    <TextEquiv>
                        <Unicode>Spes</Unicode>
                    </TextEquiv>
                </Word>
                <Word id="r1l13_w2" custom="readingOrder {index:1;}">
                    <Coords points="682,993 682,1053 775,1053 775,993"/>
                    <TextEquiv>
                        <Unicode>hum</Unicode>
                    </TextEquiv>
                </Word>
                <Word id="r1l13_w3" custom="readingOrder {index:2;}">
                    <Coords points="859,987 859,1047 1090,1047 1090,987"/>
                    <TextEquiv>
                        <Unicode>reguandi</Unicode>
                    </TextEquiv>
                </Word>
                <Word id="r1l13_w4" custom="readingOrder {index:3;}">
                    <Coords points="1118,987 1118,1047 1257,1047 1257,987"/>
                    <TextEquiv>
                        <Unicode>recidit</Unicode>
                    </TextEquiv>
                </Word>
                <Word id="r1l13_w5" custom="readingOrder {index:4;}">
                    <Coords points="1304,989 1304,1049 1415,1049 1415,989"/>
                    <TextEquiv>
                        <Unicode>quam</Unicode>
                    </TextEquiv>
                </Word>
                <Word id="r1l13_w6" custom="readingOrder {index:5;}">
                    <Coords points="1460,992 1460,1052 1553,1052 1553,992"/>
                    <TextEquiv>
                        <Unicode>suda</Unicode>
                    </TextEquiv>
                </Word>
                <Word id="r1l13_w7" custom="readingOrder {index:6;}">
                    <Coords points="1590,997 1590,1057 1757,1057 1757,997"/>
                    <TextEquiv>
                        <Unicode>tendunt</Unicode>
                    </TextEquiv>
                </Word>
                <TextEquiv>
                    <Unicode>Spes num regnandi cecidit quam sydera tendunt? </Unicode>
                </TextEquiv>
            </TextLine>
            <TextLine id="r1l14" custom="readingOrder {index:12;}">
                <Coords points="526,1137 666,1115 737,1138 840,1139 882,1125 923,1152 979,1111 1108,1146 1150,1114 1229,1119 1282,1148 1324,1107 1369,1120 1388,1105 1438,1131 1511,1107 1621,1137 1669,1116 1719,1132 1766,1124 1766,1082 1717,1051 1691,1072 1638,1076 1593,1060 1561,1071 1509,1037 1459,1076 1400,1060 1335,1075 1308,1057 1259,1059 1237,1075 1146,1048 1082,1053 1029,1081 969,1065 913,1084 879,1050 830,1057 805,1039 721,1044 676,1082 645,1083 608,1058 526,1074 526,1137"/>
                <Baseline points="533,1109 594,1108 655,1107 716,1106 777,1105 839,1104 900,1103 961,1102 1022,1101 1083,1101 1145,1100 1206,1100 1267,1100 1328,1100 1389,1100 1451,1101 1512,1102 1573,1103 1634,1104 1695,1106 1757,1108"/>
                <Word id="r1l14_w1" custom="readingOrder {index:0;}">
                    <Coords points="547,1067 547,1127 652,1127 652,1067"/>
                    <TextEquiv>
                        <Unicode>Haec</Unicode>
                    </TextEquiv>
                </Word>
                <Word id="r1l14_w2" custom="readingOrder {index:1;}">
                    <Coords points="683,1065 683,1125 756,1125 756,1065"/>
                    <TextEquiv>
                        <Unicode>illa</Unicode>
                    </TextEquiv>
                </Word>
                <Word id="r1l14_w3" custom="readingOrder {index:2;}">
                    <Coords points="796,1064 796,1124 860,1124 860,1064"/>
                    <TextEquiv>
                        <Unicode>est</Unicode>
                    </TextEquiv>
                </Word>
                <Word id="r1l14_w4" custom="readingOrder {index:3;}">
                    <Coords points="908,1062 908,1122 988,1122 988,1062"/>
                    <TextEquiv>
                        <Unicode>quae</Unicode>
                    </TextEquiv>
                </Word>
                <Word id="r1l14_w5" custom="readingOrder {index:4;}">
                    <Coords points="1028,1061 1028,1121 1069,1121 1069,1061"/>
                    <TextEquiv>
                        <Unicode>iu</Unicode>
                    </TextEquiv>
                </Word>
                <Word id="r1l14_w6" custom="readingOrder {index:5;}">
                    <Coords points="1109,1060 1109,1120 1302,1120 1302,1060"/>
                    <TextEquiv>
                        <Unicode>primept</Unicode>
                    </TextEquiv>
                </Word>
                <Word id="r1l14_w7" custom="readingOrder {index:6;}">
                    <Coords points="1349,1060 1349,1120 1550,1120 1550,1060"/>
                    <TextEquiv>
                        <Unicode>regnabis</Unicode>
                    </TextEquiv>
                </Word>
                <Word id="r1l14_w8" custom="readingOrder {index:7;}">
                    <Coords points="1583,1063 1583,1123 1615,1123 1615,1063"/>
                    <TextEquiv>
                        <Unicode>in</Unicode>
                    </TextEquiv>
                </Word>
                <Word id="r1l14_w9" custom="readingOrder {index:8;}">
                    <Coords points="1646,1066 1646,1126 1767,1126 1767,1066"/>
                    <TextEquiv>
                        <Unicode>aula¬</Unicode>
                    </TextEquiv>
                </Word>
                <TextEquiv>
                    <Unicode>Haec illa est qua tu princeps regnabis in aula,</Unicode>
                </TextEquiv>
            </TextLine>
            <TextLine id="r1l15" custom="readingOrder {index:13;}">
                <Coords points="529,1198 618,1217 659,1185 703,1187 729,1172 775,1176 802,1202 851,1195 897,1222 923,1210 939,1226 1009,1187 1085,1194 1121,1229 1159,1197 1279,1225 1321,1184 1482,1213 1524,1174 1609,1202 1669,1169 1668,1128 1636,1121 1612,1144 1512,1131 1488,1142 1391,1104 1346,1144 1310,1124 1269,1149 1233,1120 1151,1115 1115,1146 1033,1130 978,1152 944,1138 901,1148 872,1124 740,1149 712,1132 688,1148 641,1124 616,1149 528,1140 529,1198"/>
                <Baseline points="537,1182 593,1180 649,1178 705,1177 761,1175 818,1174 874,1174 930,1173 986,1172 1042,1172 1099,1172 1155,1172 1211,1171 1267,1171 1323,1171 1380,1171 1436,1170 1492,1170 1548,1169 1604,1169 1661,1168"/>
                <Word id="r1l15_w1" custom="readingOrder {index:0;}">
                    <Coords points="544,1138 544,1198 702,1198 702,1138"/>
                    <TextEquiv>
                        <Unicode>Nostra</Unicode>
                    </TextEquiv>
                </Word>
                <Word id="r1l15_w2" custom="readingOrder {index:1;}">
                    <Coords points="745,1134 745,1194 816,1194 816,1134"/>
                    <TextEquiv>
                        <Unicode>nec</Unicode>
                    </TextEquiv>
                </Word>
                <Word id="r1l15_w3" custom="readingOrder {index:2;}">
                    <Coords points="860,1132 860,1192 1027,1192 1027,1132"/>
                    <TextEquiv>
                        <Unicode>insigies</Unicode>
                    </TextEquiv>
                </Word>
                <Word id="r1l15_w4" custom="readingOrder {index:3;}">
                    <Coords points="1080,1131 1080,1191 1238,1191 1238,1131"/>
                    <TextEquiv>
                        <Unicode>referes</Unicode>
                    </TextEquiv>
                </Word>
                <Word id="r1l15_w5" custom="readingOrder {index:4;}">
                    <Coords points="1282,1131 1282,1191 1441,1191 1441,1131"/>
                    <TextEquiv>
                        <Unicode>percata</Unicode>
                    </TextEquiv>
                </Word>
                <Word id="r1l15_w6" custom="readingOrder {index:5;}">
                    <Coords points="1476,1129 1476,1189 1660,1189 1660,1129"/>
                    <TextEquiv>
                        <Unicode>parenti</Unicode>
                    </TextEquiv>
                </Word>
                <TextEquiv>
                    <Unicode>Nostra nec insipiens referes peccata parenti, </Unicode>
                </TextEquiv>
            </TextLine>
            <TextLine id="r1l16" custom="readingOrder {index:14;}">
                <Coords points="528,1275 648,1249 700,1260 753,1238 795,1275 889,1267 915,1283 1010,1258 1050,1294 1092,1260 1168,1269 1213,1245 1260,1267 1272,1256 1363,1266 1384,1248 1415,1275 1455,1273 1479,1292 1550,1257 1603,1265 1602,1211 1549,1204 1520,1179 1470,1218 1359,1190 1335,1212 1299,1207 1287,1220 1156,1199 1125,1229 1086,1195 1041,1188 998,1195 950,1226 874,1211 758,1227 732,1210 648,1227 556,1204 527,1216 528,1275"/>
                <Baseline points="535,1250 588,1249 641,1248 694,1247 747,1247 800,1246 853,1246 906,1245 959,1245 1012,1244 1065,1244 1118,1244 1171,1243 1224,1242 1277,1242 1330,1241 1383,1240 1436,1238 1489,1237 1542,1235 1595,1233"/>
                <Word id="r1l16_w1" custom="readingOrder {index:0;}">
                    <Coords points="532,1208 532,1268 717,1268 717,1208"/>
                    <TextEquiv>
                        <Unicode>Ervores</Unicode>
                    </TextEquiv>
                </Word>
                <Word id="r1l16_w2" custom="readingOrder {index:1;}">
                    <Coords points="766,1206 766,1266 863,1266 863,1206"/>
                    <TextEquiv>
                        <Unicode>mos</Unicode>
                    </TextEquiv>
                </Word>
                <Word id="r1l16_w3" custom="readingOrder {index:2;}">
                    <Coords points="919,1204 919,1264 1040,1264 1040,1204"/>
                    <TextEquiv>
                        <Unicode>munq</Unicode>
                    </TextEquiv>
                </Word>
                <Word id="r1l16_w4" custom="readingOrder {index:3;}">
                    <Coords points="1112,1203 1112,1263 1185,1263 1185,1203"/>
                    <TextEquiv>
                        <Unicode>nec</Unicode>
                    </TextEquiv>
                </Word>
                <Word id="r1l16_w5" custom="readingOrder {index:4;}">
                    <Coords points="1225,1201 1225,1261 1411,1261 1411,1201"/>
                    <TextEquiv>
                        <Unicode>crimina</Unicode>
                    </TextEquiv>
                </Word>
                <Word id="r1l16_w6" custom="readingOrder {index:5;}">
                    <Coords points="1467,1196 1467,1256 1556,1256 1556,1196"/>
                    <TextEquiv>
                        <Unicode>qrades</Unicode>
                    </TextEquiv>
                </Word>
                <TextEquiv>
                    <Unicode>Errores nostros nunquam nec crimina prodes.</Unicode>
                </TextEquiv>
            </TextLine>
            <TextLine id="r1l17" custom="readingOrder {index:15;}">
                <Coords points="455,1355 515,1356 550,1332 576,1340 598,1325 648,1334 659,1323 701,1328 736,1355 850,1332 876,1348 923,1339 986,1365 1053,1330 1098,1341 1135,1324 1241,1361 1276,1341 1302,1354 1372,1319 1384,1330 1474,1320 1516,1340 1546,1324 1595,1337 1630,1322 1660,1341 1690,1323 1689,1244 1521,1268 1497,1291 1328,1256 1267,1274 1226,1249 1170,1277 1092,1259 1054,1292 1011,1259 923,1283 876,1264 767,1287 711,1252 645,1252 576,1276 454,1276 455,1355"/>
                <Baseline points="463,1332 523,1329 584,1326 645,1324 706,1322 767,1320 828,1319 889,1318 950,1317 1011,1316 1072,1315 1132,1314 1193,1313 1254,1313 1315,1312 1376,1312 1437,1311 1498,1310 1559,1310 1620,1309 1681,1307"/>
                <Word id="r1l17_w1" custom="readingOrder {index:0;}">
                    <Coords points="476,1286 476,1346 657,1346 657,1286"/>
                    <TextEquiv>
                        <Unicode>Talibus</Unicode>
                    </TextEquiv>
                </Word>
                <Word id="r1l17_w2" custom="readingOrder {index:1;}">
                    <Coords points="699,1281 699,1341 765,1341 765,1281"/>
                    <TextEquiv>
                        <Unicode>hei</Unicode>
                    </TextEquiv>
                </Word>
                <Word id="r1l17_w3" custom="readingOrder {index:2;}">
                    <Coords points="799,1278 799,1338 939,1338 939,1278"/>
                    <TextEquiv>
                        <Unicode>insero</Unicode>
                    </TextEquiv>
                </Word>
                <Word id="r1l17_w4" custom="readingOrder {index:3;}">
                    <Coords points="988,1275 988,1335 1146,1335 1146,1275"/>
                    <TextEquiv>
                        <Unicode>(tanta</Unicode>
                    </TextEquiv>
                </Word>
                <Word id="r1l17_w5" custom="readingOrder {index:4;}">
                    <Coords points="1187,1273 1187,1333 1236,1333 1236,1273"/>
                    <TextEquiv>
                        <Unicode>est</Unicode>
                    </TextEquiv>
                </Word>
                <Word id="r1l17_w6" custom="readingOrder {index:5;}">
                    <Coords points="1270,1272 1270,1332 1434,1332 1434,1272"/>
                    <TextEquiv>
                        <Unicode>insama</Unicode>
                    </TextEquiv>
                </Word>
                <Word id="r1l17_w7" custom="readingOrder {index:6;}">
                    <Coords points="1485,1269 1485,1329 1682,1329 1682,1269"/>
                    <TextEquiv>
                        <Unicode>mentis)</Unicode>
                    </TextEquiv>
                </Word>
                <TextEquiv>
                    <Unicode>Talibus hei misero ( tanta est insania mentis ) </Unicode>
                </TextEquiv>
            </TextLine>
            <TextLine id="r1l18" custom="readingOrder {index:16;}">
                <Coords points="519,1427 596,1393 715,1388 801,1435 833,1413 893,1404 928,1408 961,1434 999,1396 1073,1398 1086,1411 1123,1402 1141,1419 1178,1395 1264,1411 1342,1390 1380,1414 1452,1390 1561,1411 1569,1346 1487,1351 1428,1319 1368,1345 1338,1327 1302,1352 1276,1341 1237,1358 1142,1332 1045,1360 963,1363 848,1334 776,1363 724,1354 691,1367 653,1334 598,1325 518,1346 519,1427"/>
                <Baseline points="527,1390 578,1390 630,1390 682,1389 733,1389 785,1388 837,1387 888,1386 940,1385 992,1384 1044,1383 1095,1382 1147,1381 1199,1380 1250,1379 1302,1378 1354,1377 1405,1377 1457,1376 1509,1376 1561,1375"/>
                <Word id="r1l18_w1" custom="readingOrder {index:0;}">
                    <Coords points="531,1349 531,1409 738,1409 738,1349"/>
                    <TextEquiv>
                        <Unicode>Madnit</Unicode>
                    </TextEquiv>
                </Word>
                <Word id="r1l18_w2" custom="readingOrder {index:1;}">
                    <Coords points="808,1346 808,1406 944,1406 944,1346"/>
                    <TextEquiv>
                        <Unicode>fres,</Unicode>
                    </TextEquiv>
                </Word>
                <Word id="r1l18_w3" custom="readingOrder {index:2;}">
                    <Coords points="976,1344 976,1404 1007,1404 1007,1344"/>
                    <TextEquiv>
                        <Unicode>se</Unicode>
                    </TextEquiv>
                </Word>
                <Word id="r1l18_w4" custom="readingOrder {index:3;}">
                    <Coords points="1047,1342 1047,1402 1126,1402 1126,1342"/>
                    <TextEquiv>
                        <Unicode>non</Unicode>
                    </TextEquiv>
                </Word>
                <Word id="r1l18_w5" custom="readingOrder {index:4;}">
                    <Coords points="1174,1338 1174,1398 1341,1398 1341,1338"/>
                    <TextEquiv>
                        <Unicode>nouere</Unicode>
                    </TextEquiv>
                </Word>
                <Word id="r1l18_w6" custom="readingOrder {index:5;}">
                    <Coords points="1397,1336 1397,1396 1555,1396 1555,1336"/>
                    <TextEquiv>
                        <Unicode>futura</Unicode>
                    </TextEquiv>
                </Word>
                <TextEquiv>
                    <Unicode>Illudunt fratres, sed non novere futura </Unicode>
                </TextEquiv>
            </TextLine>
            <TextLine id="r1l19" custom="readingOrder {index:17;}">
                <Coords points="538,1496 576,1484 612,1500 634,1480 761,1460 855,1464 873,1482 927,1492 999,1481 1030,1493 1052,1475 1105,1468 1133,1487 1158,1473 1181,1494 1224,1467 1320,1465 1415,1493 1455,1474 1615,1474 1614,1403 1578,1418 1473,1391 1443,1410 1401,1402 1380,1414 1342,1391 1235,1422 1180,1411 1157,1425 1020,1395 997,1397 959,1433 928,1410 877,1435 838,1413 800,1435 770,1419 741,1429 720,1410 669,1416 629,1441 578,1403 536,1419 538,1496"/>
                <Baseline points="545,1466 598,1464 651,1463 704,1461 757,1460 810,1459 863,1457 916,1456 969,1455 1022,1453 1076,1452 1129,1451 1182,1450 1235,1449 1288,1449 1341,1448 1394,1447 1447,1447 1500,1447 1553,1447 1607,1447"/>
                <Word id="r1l19_w1" custom="readingOrder {index:0;}">
                    <Coords points="550,1423 550,1483 748,1483 748,1423"/>
                    <TextEquiv>
                        <Unicode>Consilia</Unicode>
                    </TextEquiv>
                </Word>
                <Word id="r1l19_w2" custom="readingOrder {index:1;}">
                    <Coords points="790,1417 790,1477 930,1477 930,1417"/>
                    <TextEquiv>
                        <Unicode>aeterin</Unicode>
                    </TextEquiv>
                </Word>
                <Word id="r1l19_w3" custom="readingOrder {index:2;}">
                    <Coords points="980,1412 980,1472 1103,1472 1103,1412"/>
                    <TextEquiv>
                        <Unicode>din,</Unicode>
                    </TextEquiv>
                </Word>
                <Word id="r1l19_w4" custom="readingOrder {index:3;}">
                    <Coords points="1120,1410 1120,1470 1203,1470 1203,1410"/>
                    <TextEquiv>
                        <Unicode>qui</Unicode>
                    </TextEquiv>
                </Word>
                <Word id="r1l19_w5" custom="readingOrder {index:4;}">
                    <Coords points="1228,1408 1228,1468 1377,1468 1377,1408"/>
                    <TextEquiv>
                        <Unicode>mucta</Unicode>
                    </TextEquiv>
                </Word>
                <Word id="r1l19_w6" custom="readingOrder {index:5;}">
                    <Coords points="1417,1407 1417,1467 1566,1467 1566,1407"/>
                    <TextEquiv>
                        <Unicode>pubnat</Unicode>
                    </TextEquiv>
                </Word>
                <TextEquiv>
                    <Unicode>Consilia aeterni domini, qui cuncta gubernat. </Unicode>
                </TextEquiv>
            </TextLine>
            <TextLine id="r1l20" custom="readingOrder {index:18;}">
                <Coords points="473,1571 548,1554 636,1578 717,1542 745,1569 795,1563 825,1591 919,1553 952,1575 1012,1573 1025,1586 1068,1556 1092,1560 1109,1544 1129,1554 1172,1534 1234,1568 1264,1549 1321,1579 1383,1529 1430,1547 1516,1547 1575,1529 1628,1539 1643,1532 1641,1468 1518,1498 1484,1499 1453,1475 1376,1495 1336,1470 1294,1466 1220,1470 1169,1502 1119,1477 1101,1491 1053,1485 1034,1502 974,1482 913,1502 829,1491 779,1515 729,1500 703,1509 666,1476 603,1501 574,1481 471,1516 473,1571"/>
                <Baseline points="480,1541 537,1541 595,1541 653,1540 710,1539 768,1537 826,1535 883,1533 941,1530 999,1528 1057,1526 1114,1524 1172,1522 1230,1521 1287,1519 1345,1518 1403,1518 1460,1518 1518,1519 1576,1520 1634,1522"/>
                <Word id="r1l20_w1" custom="readingOrder {index:0;}">
                    <Coords points="470,1501 470,1561 555,1561 555,1501"/>
                    <TextEquiv>
                        <Unicode>3O</Unicode>
                    </TextEquiv>
                </Word>
                <Word id="r1l20_w2" custom="readingOrder {index:1;}">
                    <Coords points="603,1499 603,1559 737,1559 737,1499"/>
                    <TextEquiv>
                        <Unicode>dolor,</Unicode>
                    </TextEquiv>
                </Word>
                <Word id="r1l20_w3" custom="readingOrder {index:2;}">
                    <Coords points="756,1497 756,1557 774,1557 774,1497"/>
                    <TextEquiv>
                        <Unicode>o</Unicode>
                    </TextEquiv>
                </Word>
                <Word id="r1l20_w4" custom="readingOrder {index:3;}">
                    <Coords points="803,1492 803,1552 985,1552 985,1492"/>
                    <TextEquiv>
                        <Unicode>pietas,</Unicode>
                    </TextEquiv>
                </Word>
                <Word id="r1l20_w5" custom="readingOrder {index:4;}">
                    <Coords points="1003,1485 1003,1545 1165,1545 1165,1485"/>
                    <TextEquiv>
                        <Unicode>quanta</Unicode>
                    </TextEquiv>
                </Word>
                <Word id="r1l20_w6" custom="readingOrder {index:5;}">
                    <Coords points="1213,1478 1213,1538 1442,1538 1442,1478"/>
                    <TextEquiv>
                        <Unicode>insipientia</Unicode>
                    </TextEquiv>
                </Word>
                <Word id="r1l20_w7" custom="readingOrder {index:6;}">
                    <Coords points="1480,1479 1480,1539 1632,1539 1632,1479"/>
                    <TextEquiv>
                        <Unicode>mentes</Unicode>
                    </TextEquiv>
                </Word>
                <TextEquiv>
                    <Unicode>„ O dolor, o pietas, quanta insipientia mentes </Unicode>
                </TextEquiv>
            </TextLine>
            <TextLine id="r1l21" custom="readingOrder {index:19;}">
                <Coords points="493,1644 605,1635 707,1666 788,1602 848,1615 870,1602 956,1601 1021,1632 1048,1616 1090,1627 1132,1600 1179,1619 1254,1607 1306,1619 1330,1606 1440,1620 1490,1603 1557,1604 1588,1620 1632,1611 1648,1627 1677,1607 1698,1625 1786,1609 1786,1571 1700,1536 1667,1562 1615,1540 1584,1562 1497,1548 1478,1568 1407,1544 1322,1577 1260,1547 1236,1569 1165,1545 1030,1581 946,1577 926,1557 906,1574 881,1564 840,1583 772,1564 748,1579 712,1566 693,1578 644,1570 631,1583 604,1564 567,1565 493,1594 493,1644"/>
                <Baseline points="502,1615 565,1612 629,1609 693,1607 757,1605 821,1603 884,1601 948,1600 1012,1598 1076,1597 1140,1596 1203,1595 1267,1595 1331,1594 1395,1595 1459,1595 1522,1596 1586,1597 1650,1599 1714,1600 1778,1603"/>
                <Word id="r1l21_w1" custom="readingOrder {index:0;}">
                    <Coords points="497,1574 497,1634 527,1634 527,1574"/>
                    <TextEquiv>
                        <Unicode>vi</Unicode>
                    </TextEquiv>
                </Word>
                <Word id="r1l21_w2" custom="readingOrder {index:1;}">
                    <Coords points="542,1568 542,1628 762,1628 762,1568"/>
                    <TextEquiv>
                        <Unicode>Exagitat</Unicode>
                    </TextEquiv>
                </Word>
                <Word id="r1l21_w3" custom="readingOrder {index:2;}">
                    <Coords points="807,1560 807,1620 1033,1620 1033,1560"/>
                    <TextEquiv>
                        <Unicode>honiin,</Unicode>
                    </TextEquiv>
                </Word>
                <Word id="r1l21_w4" custom="readingOrder {index:3;}">
                    <Coords points="1056,1556 1056,1616 1206,1616 1206,1556"/>
                    <TextEquiv>
                        <Unicode>interi</Unicode>
                    </TextEquiv>
                </Word>
                <Word id="r1l21_w5" custom="readingOrder {index:4;}">
                    <Coords points="1236,1554 1236,1614 1312,1614 1312,1554"/>
                    <TextEquiv>
                        <Unicode>dum</Unicode>
                    </TextEquiv>
                </Word>
                <Word id="r1l21_w6" custom="readingOrder {index:5;}">
                    <Coords points="1365,1555 1365,1615 1569,1615 1569,1555"/>
                    <TextEquiv>
                        <Unicode>crimina</Unicode>
                    </TextEquiv>
                </Word>
                <Word id="r1l21_w7" custom="readingOrder {index:6;}">
                    <Coords points="1606,1559 1606,1619 1772,1619 1772,1559"/>
                    <TextEquiv>
                        <Unicode>credunt</Unicode>
                    </TextEquiv>
                </Word>
                <TextEquiv>
                    <Unicode>„ Exagitat hominum, miseri dum crimina credunt </Unicode>
                </TextEquiv>
            </TextLine>
            <TextLine id="r1l22" custom="readingOrder {index:20;}">
                <Coords points="489,1707 622,1694 645,1716 732,1699 810,1706 848,1691 908,1706 988,1682 1038,1700 1072,1683 1105,1700 1185,1676 1290,1699 1311,1720 1380,1683 1427,1691 1470,1676 1495,1699 1511,1691 1542,1707 1587,1708 1611,1683 1721,1700 1729,1627 1629,1614 1551,1644 1490,1603 1452,1624 1423,1610 1373,1624 1313,1612 1286,1640 1249,1619 1181,1618 1139,1635 1120,1618 1096,1634 1052,1615 984,1636 945,1612 889,1648 830,1635 785,1643 754,1623 688,1669 604,1635 490,1652 489,1707"/>
                <Baseline points="497,1689 558,1687 619,1685 680,1683 742,1680 803,1677 864,1675 925,1672 987,1670 1048,1668 1109,1666 1170,1665 1232,1664 1293,1663 1354,1664 1415,1664 1477,1666 1538,1668 1599,1672 1660,1676 1722,1681"/>
                <Word id="r1l22_w1" custom="readingOrder {index:0;}">
                    <Coords points="493,1648 493,1708 509,1708 509,1648"/>
                    <TextEquiv>
                        <Unicode>1</Unicode>
                    </TextEquiv>
                </Word>
                <Word id="r1l22_w2" custom="readingOrder {index:1;}">
                    <Coords points="548,1645 548,1705 635,1705 635,1645"/>
                    <TextEquiv>
                        <Unicode>Non</Unicode>
                    </TextEquiv>
                </Word>
                <Word id="r1l22_w3" custom="readingOrder {index:2;}">
                    <Coords points="676,1638 676,1698 882,1698 882,1638"/>
                    <TextEquiv>
                        <Unicode>habitura</Unicode>
                    </TextEquiv>
                </Word>
                <Word id="r1l22_w4" custom="readingOrder {index:3;}">
                    <Coords points="930,1630 930,1690 1025,1690 1025,1630"/>
                    <TextEquiv>
                        <Unicode>deum</Unicode>
                    </TextEquiv>
                </Word>
                <Word id="r1l22_w5" custom="readingOrder {index:4;}">
                    <Coords points="1080,1625 1080,1685 1247,1685 1247,1625"/>
                    <TextEquiv>
                        <Unicode>Vltorem</Unicode>
                    </TextEquiv>
                </Word>
                <Word id="r1l22_w6" custom="readingOrder {index:5;}">
                    <Coords points="1311,1623 1311,1683 1358,1683 1358,1623"/>
                    <TextEquiv>
                        <Unicode>quae</Unicode>
                    </TextEquiv>
                </Word>
                <Word id="r1l22_w7" custom="readingOrder {index:6;}">
                    <Coords points="1373,1625 1373,1685 1548,1685 1548,1625"/>
                    <TextEquiv>
                        <Unicode>vindice</Unicode>
                    </TextEquiv>
                </Word>
                <Word id="r1l22_w8" custom="readingOrder {index:7;}">
                    <Coords points="1588,1635 1588,1695 1731,1695 1731,1635"/>
                    <TextEquiv>
                        <Unicode>munti</Unicode>
                    </TextEquiv>
                </Word>
                <TextEquiv>
                    <Unicode>„ Non habitura Deum ultorem quo vindice cuncti </Unicode>
                </TextEquiv>
            </TextLine>
            <TextLine id="r1l23" custom="readingOrder {index:21;}">
                <Coords points="500,1772 530,1762 558,1785 611,1756 746,1753 777,1771 795,1753 824,1769 906,1751 917,1763 1027,1762 1048,1783 1080,1785 1164,1750 1211,1762 1240,1752 1270,1779 1335,1793 1380,1751 1444,1748 1527,1767 1546,1757 1593,1801 1636,1762 1756,1771 1755,1726 1735,1716 1672,1723 1622,1700 1538,1707 1509,1691 1454,1717 1433,1700 1367,1700 1310,1719 1285,1698 1243,1715 1136,1683 1117,1702 1064,1691 1031,1704 1014,1686 991,1688 930,1716 865,1700 835,1724 773,1710 717,1726 667,1712 627,1731 564,1709 499,1732 500,1772"/>
                <Baseline points="507,1756 569,1754 631,1753 693,1751 755,1749 817,1747 879,1745 941,1743 1003,1742 1065,1740 1127,1739 1189,1739 1251,1739 1313,1739 1375,1740 1437,1741 1499,1743 1561,1746 1623,1750 1685,1754 1748,1760"/>
                <Word id="r1l23_w1" custom="readingOrder {index:0;}">
                    <Coords points="506,1712 506,1772 782,1772 782,1712"/>
                    <TextEquiv>
                        <Unicode>siminur</Unicode>
                    </TextEquiv>
                </Word>
                <Word id="r1l23_w2" custom="readingOrder {index:1;}">
                    <Coords points="836,1702 836,1762 1095,1762 1095,1702"/>
                    <TextEquiv>
                        <Unicode>meritasque</Unicode>
                    </TextEquiv>
                </Word>
                <Word id="r1l23_w3" custom="readingOrder {index:2;}">
                    <Coords points="1121,1699 1121,1759 1283,1759 1283,1699"/>
                    <TextEquiv>
                        <Unicode>damus</Unicode>
                    </TextEquiv>
                </Word>
                <Word id="r1l23_w4" custom="readingOrder {index:3;}">
                    <Coords points="1309,1699 1309,1759 1355,1759 1355,1699"/>
                    <TextEquiv>
                        <Unicode>quae</Unicode>
                    </TextEquiv>
                </Word>
                <Word id="r1l23_w5" custom="readingOrder {index:4;}">
                    <Coords points="1372,1701 1372,1761 1550,1761 1550,1701"/>
                    <TextEquiv>
                        <Unicode>crimine</Unicode>
                    </TextEquiv>
                </Word>
                <Word id="r1l23_w6" custom="readingOrder {index:5;}">
                    <Coords points="1587,1713 1587,1773 1756,1773 1756,1713"/>
                    <TextEquiv>
                        <Unicode>poenas.</Unicode>
                    </TextEquiv>
                </Word>
                <TextEquiv>
                    <Unicode>„ Punimur meritasque damus pro crimine poenas. </Unicode>
                </TextEquiv>
            </TextLine>
            <TextLine id="r1l24" custom="readingOrder {index:22;}">
                <Coords points="533,1867 554,1872 586,1839 612,1836 725,1853 747,1843 796,1867 836,1843 967,1851 1002,1820 1036,1847 1055,1831 1179,1819 1233,1821 1262,1843 1323,1819 1376,1820 1407,1842 1610,1826 1657,1843 1674,1840 1674,1803 1599,1805 1545,1756 1518,1782 1466,1794 1408,1770 1381,1794 1266,1787 1245,1766 1203,1793 1166,1781 1137,1794 1111,1779 1057,1784 1024,1762 992,1780 936,1770 903,1783 866,1780 845,1761 791,1787 566,1778 533,1791 533,1867"/>
                <Baseline points="541,1819 597,1821 653,1821 709,1821 766,1821 822,1820 878,1819 935,1818 991,1817 1047,1816 1104,1814 1160,1813 1216,1812 1272,1812 1329,1812 1385,1813 1441,1814 1498,1816 1554,1818 1610,1822 1667,1827"/>
                <Word id="r1l24_w1" custom="readingOrder {index:0;}">
                    <Coords points="551,1781 551,1841 783,1841 783,1781"/>
                    <TextEquiv>
                        <Unicode>Imemores</Unicode>
                    </TextEquiv>
                </Word>
                <Word id="r1l24_w2" custom="readingOrder {index:1;}">
                    <Coords points="820,1778 820,1838 950,1838 950,1778"/>
                    <TextEquiv>
                        <Unicode>huius</Unicode>
                    </TextEquiv>
                </Word>
                <Word id="r1l24_w3" custom="readingOrder {index:2;}">
                    <Coords points="993,1775 993,1835 1139,1835 1139,1775"/>
                    <TextEquiv>
                        <Unicode>free,</Unicode>
                    </TextEquiv>
                </Word>
                <Word id="r1l24_w4" custom="readingOrder {index:3;}">
                    <Coords points="1161,1772 1161,1832 1240,1832 1240,1772"/>
                    <TextEquiv>
                        <Unicode>non</Unicode>
                    </TextEquiv>
                </Word>
                <Word id="r1l24_w5" custom="readingOrder {index:4;}">
                    <Coords points="1284,1772 1284,1832 1472,1832 1472,1772"/>
                    <TextEquiv>
                        <Unicode>mumia</Unicode>
                    </TextEquiv>
                </Word>
                <Word id="r1l24_w6" custom="readingOrder {index:5;}">
                    <Coords points="1524,1780 1524,1840 1647,1840 1647,1780"/>
                    <TextEquiv>
                        <Unicode>dinum</Unicode>
                    </TextEquiv>
                </Word>
                <TextEquiv>
                    <Unicode>Immemores huius fratres, non numina divûm </Unicode>
                </TextEquiv>
            </TextLine>
            <TextLine id="r1l25" custom="readingOrder {index:23;}">
                <Coords points="549,1908 635,1894 662,1915 689,1899 720,1912 746,1891 809,1881 841,1904 931,1894 957,1906 981,1891 1049,1919 1157,1895 1213,1907 1265,1885 1315,1932 1359,1893 1431,1892 1481,1922 1554,1900 1588,1916 1628,1908 1675,1945 1704,1940 1704,1868 1505,1868 1444,1835 1405,1843 1376,1821 1330,1843 1226,1840 1206,1824 1172,1849 1115,1859 1091,1835 1035,1846 1001,1820 965,1852 909,1851 867,1868 794,1867 735,1846 681,1855 643,1844 622,1858 588,1837 549,1866 549,1908"/>
                <Baseline points="558,1890 614,1891 671,1891 728,1890 785,1889 842,1889 899,1888 955,1886 1012,1886 1069,1885 1126,1884 1183,1884 1240,1883 1297,1884 1353,1884 1410,1885 1467,1887 1524,1890 1581,1892 1638,1896 1695,1901"/>
                <Word id="r1l25_w1" custom="readingOrder {index:0;}">
                    <Coords points="554,1851 554,1911 734,1911 734,1851"/>
                    <TextEquiv>
                        <Unicode>Curant</Unicode>
                    </TextEquiv>
                </Word>
                <Word id="r1l25_w2" custom="readingOrder {index:1;}">
                    <Coords points="828,1848 828,1908 899,1908 899,1848"/>
                    <TextEquiv>
                        <Unicode>non</Unicode>
                    </TextEquiv>
                </Word>
                <Word id="r1l25_w3" custom="readingOrder {index:2;}">
                    <Coords points="953,1846 953,1906 1047,1906 1047,1846"/>
                    <TextEquiv>
                        <Unicode>vllis</Unicode>
                    </TextEquiv>
                </Word>
                <Word id="r1l25_w4" custom="readingOrder {index:3;}">
                    <Coords points="1102,1844 1102,1904 1251,1904 1251,1844"/>
                    <TextEquiv>
                        <Unicode>verbis</Unicode>
                    </TextEquiv>
                </Word>
                <Word id="r1l25_w5" custom="readingOrder {index:4;}">
                    <Coords points="1298,1844 1298,1904 1486,1904 1486,1844"/>
                    <TextEquiv>
                        <Unicode>pribusue</Unicode>
                    </TextEquiv>
                </Word>
                <Word id="r1l25_w6" custom="readingOrder {index:5;}">
                    <Coords points="1517,1853 1517,1913 1681,1913 1681,1853"/>
                    <TextEquiv>
                        <Unicode>mouent</Unicode>
                    </TextEquiv>
                </Word>
                <TextEquiv>
                    <Unicode>Curant, non ullis verbis precibusve moventur</Unicode>
                </TextEquiv>
            </TextLine>
            <TextLine id="r1l26" custom="readingOrder {index:24;}">
                <Coords points="540,1965 597,1952 801,1972 824,1959 908,1972 990,1963 1007,1979 1038,1968 1109,1978 1138,2005 1183,1971 1240,1972 1257,1988 1303,1979 1328,1995 1361,1970 1409,1965 1424,1978 1467,1972 1528,2010 1544,1996 1592,2015 1639,2010 1640,1921 1523,1904 1476,1924 1442,1893 1418,1907 1355,1897 1316,1932 1263,1932 1184,1903 1142,1932 1085,1917 1060,1931 1029,1907 968,1898 945,1899 913,1931 834,1932 803,1908 774,1932 705,1932 645,1900 597,1899 540,1916 540,1965"/>
                <Baseline points="548,1949 602,1952 656,1953 710,1955 764,1955 818,1956 872,1956 927,1955 981,1955 1035,1955 1089,1955 1143,1955 1197,1955 1251,1955 1306,1955 1360,1957 1414,1958 1468,1960 1522,1962 1576,1966 1631,1971"/>
                <Word id="r1l26_w1" custom="readingOrder {index:0;}">
                    <Coords points="554,1912 554,1972 705,1972 705,1912"/>
                    <TextEquiv>
                        <Unicode>Quas</Unicode>
                    </TextEquiv>
                </Word>
                <Word id="r1l26_w2" custom="readingOrder {index:1;}">
                    <Coords points="748,1915 748,1975 790,1975 790,1915"/>
                    <TextEquiv>
                        <Unicode>ad</Unicode>
                    </TextEquiv>
                </Word>
                <Word id="r1l26_w3" custom="readingOrder {index:2;}">
                    <Coords points="832,1915 832,1975 1026,1975 1026,1915"/>
                    <TextEquiv>
                        <Unicode>reudetes</Unicode>
                    </TextEquiv>
                </Word>
                <Word id="r1l26_w4" custom="readingOrder {index:3;}">
                    <Coords points="1068,1915 1068,1975 1279,1975 1279,1915"/>
                    <TextEquiv>
                        <Unicode>raptiuus</Unicode>
                    </TextEquiv>
                </Word>
                <Word id="r1l26_w5" custom="readingOrder {index:4;}">
                    <Coords points="1321,1917 1321,1977 1481,1977 1481,1917"/>
                    <TextEquiv>
                        <Unicode>fundit</Unicode>
                    </TextEquiv>
                </Word>
                <Word id="r1l26_w6" custom="readingOrder {index:5;}">
                    <Coords points="1514,1926 1514,1986 1640,1986 1640,1926"/>
                    <TextEquiv>
                        <Unicode>Posept.</Unicode>
                    </TextEquiv>
                </Word>
                <TextEquiv>
                    <Unicode>Quas ad crudeles captivus fundit Ioseph. </Unicode>
                </TextEquiv>
            </TextLine>
            <TextLine id="r1l27" custom="readingOrder {index:25;}">
                <Coords points="553,2040 600,2032 611,2043 644,2026 706,2047 779,2028 886,2079 910,2060 972,2066 1029,2043 1087,2083 1142,2039 1195,2050 1272,2034 1384,2068 1441,2046 1491,2059 1549,2047 1612,2052 1647,2075 1699,2065 1700,2012 1656,1985 1587,2016 1546,1997 1504,2003 1466,1974 1436,1982 1384,1967 1328,1995 1201,1978 1139,2005 1111,1979 988,2004 922,1975 878,2006 822,2000 764,1963 670,1980 555,1964 553,2040"/>
                <Baseline points="562,2022 618,2023 675,2024 731,2024 788,2024 844,2024 901,2025 957,2025 1014,2025 1070,2025 1127,2026 1183,2027 1240,2028 1296,2030 1353,2032 1409,2034 1466,2037 1522,2041 1579,2045 1635,2050 1692,2055"/>
                <Word id="r1l27_w1" custom="readingOrder {index:0;}">
                    <Coords points="560,1982 560,2042 611,2042 611,1982"/>
                    <TextEquiv>
                        <Unicode>se</Unicode>
                    </TextEquiv>
                </Word>
                <Word id="r1l27_w2" custom="readingOrder {index:1;}">
                    <Coords points="663,1984 663,2044 819,2044 819,1984"/>
                    <TextEquiv>
                        <Unicode>rabido</Unicode>
                    </TextEquiv>
                </Word>
                <Word id="r1l27_w3" custom="readingOrder {index:2;}">
                    <Coords points="853,1985 853,2045 966,2045 966,1985"/>
                    <TextEquiv>
                        <Unicode>insam</Unicode>
                    </TextEquiv>
                </Word>
                <Word id="r1l27_w4" custom="readingOrder {index:3;}">
                    <Coords points="1034,1986 1034,2046 1259,2046 1259,1986"/>
                    <TextEquiv>
                        <Unicode>missentes</Unicode>
                    </TextEquiv>
                </Word>
                <Word id="r1l27_w5" custom="readingOrder {index:4;}">
                    <Coords points="1303,1992 1303,2052 1458,2052 1458,1992"/>
                    <TextEquiv>
                        <Unicode>mucta</Unicode>
                    </TextEquiv>
                </Word>
                <Word id="r1l27_w6" custom="readingOrder {index:5;}">
                    <Coords points="1510,2006 1510,2066 1691,2066 1691,2006"/>
                    <TextEquiv>
                        <Unicode>tumultu</Unicode>
                    </TextEquiv>
                </Word>
                <TextEquiv>
                    <Unicode>Sed rabido insani miscentes cuncta tumultu </Unicode>
                </TextEquiv>
            </TextLine>
            <TextLine id="r1l28" custom="readingOrder {index:26;}">
                <Coords points="543,2099 571,2100 602,2129 645,2091 917,2107 989,2146 1065,2099 1091,2116 1193,2131 1260,2100 1283,2116 1408,2115 1491,2168 1590,2124 1635,2126 1666,2156 1722,2134 1774,2160 1810,2156 1812,2099 1755,2106 1728,2084 1656,2081 1610,2051 1566,2067 1490,2058 1399,2084 1372,2059 1302,2076 1266,2043 1191,2076 1154,2040 1124,2067 1086,2075 1024,2056 867,2075 826,2057 786,2073 732,2059 696,2067 662,2035 545,2043 543,2099"/>
                <Baseline points="552,2089 614,2090 677,2092 739,2092 802,2093 864,2094 927,2095 989,2096 1052,2097 1114,2098 1177,2099 1239,2101 1302,2103 1364,2106 1427,2109 1489,2112 1552,2116 1614,2120 1677,2125 1739,2130 1802,2137"/>
                <Word id="r1l28_w1" custom="readingOrder {index:0;}">
                    <Coords points="556,2052 556,2112 823,2112 823,2052"/>
                    <TextEquiv>
                        <Unicode>Discuerunt</Unicode>
                    </TextEquiv>
                </Word>
                <Word id="r1l28_w2" custom="readingOrder {index:1;}">
                    <Coords points="877,2055 877,2115 1035,2115 1035,2055"/>
                    <TextEquiv>
                        <Unicode>campis</Unicode>
                    </TextEquiv>
                </Word>
                <Word id="r1l28_w3" custom="readingOrder {index:2;}">
                    <Coords points="1082,2058 1082,2118 1231,2118 1231,2058"/>
                    <TextEquiv>
                        <Unicode>releres</Unicode>
                    </TextEquiv>
                </Word>
                <Word id="r1l28_w4" custom="readingOrder {index:3;}">
                    <Coords points="1279,2067 1279,2127 1499,2127 1499,2067"/>
                    <TextEquiv>
                        <Unicode>antruus</Unicode>
                    </TextEquiv>
                </Word>
                <Word id="r1l28_w5" custom="readingOrder {index:4;}">
                    <Coords points="1546,2083 1546,2143 1781,2143 1781,2083"/>
                    <TextEquiv>
                        <Unicode>relinquent</Unicode>
                    </TextEquiv>
                </Word>
                <TextEquiv>
                    <Unicode>Discurrunt campis celeres antrumque relinquunt. </Unicode>
                </TextEquiv>
            </TextLine>
            <TextLine id="r1l29" custom="readingOrder {index:27;}">
                <Coords points="542,2187 599,2173 663,2194 696,2223 787,2212 867,2228 887,2212 962,2221 982,2202 1131,2195 1178,2179 1239,2203 1294,2185 1324,2206 1350,2185 1399,2185 1452,2190 1512,2245 1555,2248 1577,2227 1605,2249 1637,2250 1687,2203 1824,2225 1848,2210 1850,2153 1733,2171 1690,2150 1664,2156 1634,2128 1615,2140 1596,2128 1511,2164 1479,2162 1439,2131 1413,2140 1361,2116 1290,2155 1023,2122 997,2144 944,2128 743,2143 707,2121 644,2131 620,2112 602,2129 588,2116 544,2120 542,2187"/>
                <Baseline points="551,2167 615,2166 679,2165 744,2165 808,2165 873,2165 937,2165 1002,2166 1066,2167 1131,2169 1195,2170 1259,2173 1324,2175 1388,2177 1453,2181 1517,2183 1582,2188 1646,2192 1711,2195 1775,2200 1840,2205"/>
                <Word id="r1l29_w1" custom="readingOrder {index:0;}">
                    <Coords points="553,2125 553,2185 690,2185 690,2125"/>
                    <TextEquiv>
                        <Unicode>Moxq</Unicode>
                    </TextEquiv>
                </Word>
                <Word id="r1l29_w2" custom="readingOrder {index:1;}">
                    <Coords points="744,2125 744,2185 870,2185 870,2125"/>
                    <TextEquiv>
                        <Unicode>pregem</Unicode>
                    </TextEquiv>
                </Word>
                <Word id="r1l29_w3" custom="readingOrder {index:2;}">
                    <Coords points="935,2126 935,2186 1126,2186 1126,2126"/>
                    <TextEquiv>
                        <Unicode>patriam</Unicode>
                    </TextEquiv>
                </Word>
                <Word id="r1l29_w4" custom="readingOrder {index:3;}">
                    <Coords points="1200,2134 1200,2194 1444,2194 1444,2134"/>
                    <TextEquiv>
                        <Unicode>iuadunt</Unicode>
                    </TextEquiv>
                </Word>
                <Word id="r1l29_w5" custom="readingOrder {index:4;}">
                    <Coords points="1488,2146 1488,2206 1646,2206 1646,2146"/>
                    <TextEquiv>
                        <Unicode>annosue</Unicode>
                    </TextEquiv>
                </Word>
                <Word id="r1l29_w6" custom="readingOrder {index:5;}">
                    <Coords points="1679,2158 1679,2218 1827,2218 1827,2158"/>
                    <TextEquiv>
                        <Unicode>tecllos</Unicode>
                    </TextEquiv>
                </Word>
                <TextEquiv>
                    <Unicode>Moxque gregem patriam invadunt agnosque tenellos </Unicode>
                </TextEquiv>
            </TextLine>
            <TextEquiv>
                <Unicode>Fratribus atque meis praesenti numine semper  
Adsis, nec merita commissae crimina cędis 
Poena castiges, placido sed pectore noxam 
Condona miseris, venient nam tempora credo ut 
Poeniteat sceleris, melius quoque vivere discent.
Ast alii in puteo fratris cum tristia fata 
Percipiunt, rident, ludunt atque ore dĭducto 
Insultant capto misere, regemque salutant,
O rex, o princeps, o ductor splendide fratrum, 
O sapiens, cur non tandem tua somnia promis? 
Quid manipli prosunt capto? quid sydera coeli?
Spes num regnandi cecidit quam sydera tendunt? 
Haec illa est qua tu princeps regnabis in aula,
Nostra nec insipiens referes peccata parenti, 
Errores nostros nunquam nec crimina prodes.
Talibus hei misero ( tanta est insania mentis ) 
Illudunt fratres, sed non novere futura 
Consilia aeterni domini, qui cuncta gubernat. 
„ O dolor, o pietas, quanta insipientia mentes 
„ Exagitat hominum, miseri dum crimina credunt 
„ Non habitura Deum ultorem quo vindice cuncti 
„ Punimur meritasque damus pro crimine poenas. 
Immemores huius fratres, non numina divûm 
Curant, non ullis verbis precibusve moventur
Quas ad crudeles captivus fundit Ioseph. 
Sed rabido insani miscentes cuncta tumultu 
Discurrunt campis celeres antrumque relinquunt. 
Moxque gregem patriam invadunt agnosque tenellos </Unicode>
            </TextEquiv>
        </TextRegion>
    </Page>
</PcGts>
