2000 2581
554 140 607 200 At
639 136 780 196 postqe
790 134 865 194 sano
897 132 1037 192 collegit
1069 132 1220 192 pertore
1262 135 1370 195 vires

620 203 806 263 Secuatum
851 194 967 254 domim
1024 193 1050 253 se
1076 193 1179 253 videt
1230 195 1294 255 esse
1320 197 1461 257 manu.

561 269 622 329 Er
653 263 791 323 meritas
830 257 929 317 quato
953 253 1121 313 meditate
1159 253 1282 313 petore
1305 255 1421 315 landes

607 336 671 396 Et
706 332 769 392 tali
798 327 910 387 prates
946 320 1214 380 reddiditore
1263 321 1362 381 Deo.

500 425 555 485 Ad
592 415 656 475 rali
684 405 786 465 Dunn
822 398 924 458 vorem
970 393 1117 453 clamore
1155 393 1265 453 leuau
212 433 334 493 Darme
357 427 382 487 se
259 480 408 540 soluerot

608 482 628 542 E
700 470 771 530 peti
801 463 995 523 promptam
1057 461 1118 521 vix
1158 461 1240 521 bene
1270 462 1393 522 sanus
1413 462 1525 522 open¬

577 552 723 612 Vndigt
759 545 813 605 ein
869 538 1024 598 starent
1060 534 1298 594 prepidenda
1343 535 1462 595 pinula
1489 541 1608 601 circum

614 616 766 676 Nulla
798 613 838 673 vt
868 611 950 671 5pes
990 608 1082 668 vitae
1112 606 1226 666 posset
1266 606 1388 666 adesse
1418 607 1540 667 mihi¬

578 696 653 756 En
692 687 789 747 iiser
819 683 902 743 oram
962 680 1038 740 tris
1060 679 1090 739 ti
1129 678 1324 738 conclusus
1361 677 1490 737 auerno

621 763 681 823 Et
732 756 894 816 domini
924 751 1026 811 sensi
1048 749 1260 809 qualuisse
1281 748 1463 808 manus.

553 839 638 899 Me
669 833 796 893 misser
849 826 975 886 quoties
1006 822 1060 882 quae
1070 820 1155 880 sunt
1197 819 1229 879 in
1281 819 1387 879 facta
1419 821 1566 881 recordor

635 907 715 967 Dix
762 901 858 961 cedo
898 895 978 955 quod
1049 891 1129 951 pars
1170 889 1297 949 tamen
1336 889 1416 949 ipse
1449 891 1496 951 fiu

568 987 607 1047 In
645 980 743 1040 mare
772 969 967 1029 prouctas
1006 960 1212 1020 vastum,
1231 959 1504 1019 circumdatus
1544 968 1660 1028 vndis

646 1048 868 1108 Vudiqu,
889 1039 963 1099 quo
994 1035 1099 1095 potui
1132 1031 1290 1091 cernere
1331 1032 1469 1092 Vontus
1500 1035 1585 1095 erat

584 1123 683 1183 Nec
722 1119 782 1179 io
822 1112 971 1172 pontus
1001 1106 1131 1166 erat,
1150 1102 1200 1162 sed
1249 1101 1319 1161 seui
1358 1101 1488 1161 bellua
1528 1108 1646 1168 ponti

627 1194 859 1254 Hospitium
915 1182 1045 1242 patulo
1092 1177 1129 1237 qua
1148 1175 1250 1235 mihi
1279 1173 1409 1233 ventre
1437 1175 1567 1235 dedit¬

570 1272 665 1332 Hei
687 1266 803 1326 quodis
846 1259 951 1319 salsos
984 1250 1164 1310 spiranti
1185 1245 1334 1305 quature
1355 1243 1430 1303 fur
1462 1243 1525 1303 tus

619 1336 867 1396 Hansimus
898 1328 928 1388 &e
988 1324 1078 1384 psit
1127 1321 1257 1381 vasta
1307 1317 1426 1377 prella
1457 1314 1566 1374 caput

570 1424 707 1484 Segius
747 1410 773 1470 in
813 1401 926 1461 dubio
974 1395 1040 1455 non
1080 1392 1145 1452 me
1185 1391 1251 1451 sum
1308 1392 1446 1452 viuere
1486 1392 1599 1452 ratus

650 1482 872 1542 Imemorem
930 1474 979 1534 mu
1037 1468 1135 1528 saepe
1168 1466 1218 1526 ero
1251 1463 1349 1523 credo
1391 1463 1587 1523 Dernn.

573 1570 655 1630 En
691 1559 819 1619 tamen
855 1550 985 1610 ereptus
1031 1543 1124 1603 sant
1149 1541 1313 1601 cissima
1348 1539 1454 1599 sacra
1489 1539 1653 1599 renisers

650 1644 692 1704 re
726 1634 844 1694 prius
877 1624 1021 1684 assueta
1072 1618 1157 1678 mox
1199 1615 1342 1675 pietate
1384 1614 1486 1674 colam

581 1717 761 1777 Nemipe
796 1701 1057 1761 volabilibus
1102 1691 1261 1751 tristis
1295 1688 1363 1748 eum
1408 1689 1612 1749 mergerer
1635 1696 1771 1756 vndis

623 1793 695 1853 Et
732 1787 848 1847 salsas
885 1777 1075 1837 walierem
1128 1766 1292 1826 quiture
1328 1765 1472 1825 mersus
1508 1775 1661 1835 gquas.

593 1866 750 1926 Infima
797 1855 990 1915 sublimis
1037 1845 1129 1905 vidi
1176 1837 1416 1897 fundamina
1452 1838 1600 1898 mundi

638 1943 697 2003 Dt
748 1934 873 1994 medio
910 1925 1035 1985 inceat
1094 1918 1204 1978 terra
1255 1915 1359 1975 velic
1388 1915 1432 1975 ta
1468 1916 1615 1976 man.

570 2017 705 2077 Hinc
744 2010 773 2070 tu
821 2002 1015 2062 edugit,
1035 1995 1102 2055 qui
1132 1992 1190 2052 me
1218 1990 1442 2050 deduxerat
1481 1992 1549 2052 illu

635 2092 796 2152 Cerdere
829 2080 893 2140 qui
925 2074 1045 2134 potuit
1088 2069 1217 2129 quippe
1238 2068 1379 2128 inuare
1411 2068 1519 2128 potest
466 2119 483 2179 1
