2000 2581
710 153 1012 213 racovo

340 213 439 273 Nam
489 216 588 276 velut
621 220 753 280 hostiles
794 224 901 284 capiat
943 225 1001 285 qui
1026 225 1125 285 pradere
1158 223 1249 283 vires

381 289 445 349 die
486 289 551 349 sibi
583 291 657 351 num
713 294 836 354 hostem
900 297 933 357 te
958 298 1063 358 putat
1104 300 1160 360 esse
1185 300 1298 360 sibitl.

341 369 429 429 Sepe
459 363 510 423 ego
548 360 717 420 pertimeo
754 361 850 421 sonae
888 363 924 423 ne
961 367 1110 427 turtine
1154 371 1287 431 mentis

376 439 550 499 Percitus
596 433 626 493 in
672 432 824 492 patriam
884 436 1045 496 prorat
1082 441 1173 501 inde
1204 445 1349 505 meam.

333 514 384 574 Vt
421 508 450 568 te
486 502 581 562 Cne
618 500 822 560 iniseram)
851 504 1055 564 fratrem,
1070 512 1135 572 mea
1179 521 1339 581 viscera¬
1369 530 1441 590 dat

425 574 505 634 Non
535 569 646 629 etenim
707 568 837 628 dum,
855 571 935 631 iura
978 576 1033 636 nec
1064 581 1162 641 aequa
1199 587 1279 647 colit

342 658 432 718 Sepe
459 648 522 708 ego
567 641 809 701 Confiteor)
837 644 954 704 memo
990 649 1026 709 ne
1061 654 1116 714 ine
1152 662 1296 722 impbus
1323 669 1377 729 ille

374 719 586 779 Impetat,
611 715 645 775 in
687 716 832 776 matrem
873 719 933 779 vix
975 722 1051 782 pins
1094 727 1171 787 ipse
1204 732 1331 792 suam.

340 798 453 858 Nate
484 791 566 851 caue
603 787 762 847 moneo,
785 789 958 849 nimium
1018 795 1064 855 ne
1094 801 1199 861 crede
1237 809 1334 869 qeti¬

386 873 462 933 Hei
487 867 596 927 mihi
629 865 688 925 vix
730 865 881 925 hominis
922 871 1082 931 pertora
1140 880 1241 940 fratu
1266 887 1383 947 habet.

96 948 219 1008 Con.
237 945 273 1005 4.
364 950 439 1010 Non
472 940 622 1000 moneat
672 937 855 997 frater,
871 941 955 1001 fuit
989 947 1046 1007 &amp;
1080 952 1154 1012 Cum
1205 959 1321 1019 frater
1359 970 1459 1030 Abeli

379 1025 448 1085 Sed
481 1014 596 1074 tamen
640 1010 647 1070 a
692 1010 820 1070 fratris
864 1016 1037 1076 comcidit
1088 1021 1146 1081 ille
1178 1025 1318 1085 manu.

338 1098 480 1158 Quare
508 1088 615 1148 hcius
660 1087 793 1147 raueas
838 1093 999 1153 rendelia
1043 1103 1186 1163 portora
1222 1111 1320 1171 fili,

384 1166 465 1226 Non
505 1161 668 1221 frustra
715 1164 910 1224 venient,
930 1172 1019 1232 quas
1052 1179 1147 1239 dedit
1180 1188 1268 1248 ille,
1282 1195 1410 1255 minae.

321 1242 391 1302 Ali
399 1237 540 1297 doloc,
558 1234 593 1294 an
627 1234 768 1294 natus,
786 1236 857 1296 qui
883 1241 962 1301 esset
1015 1246 1059 1306 in
1102 1254 1208 1314 tutus
1243 1262 1278 1322 ab
1305 1273 1463 1333 hostetu,

379 1309 506 1369 Cogite
541 1306 600 1366 hec
626 1305 770 1365 fratrem
830 1310 1042 1370 ptimmisse
1094 1320 1187 1380 suum

331 1383 495 1443 Infoeliu
530 1379 625 1439 saeuo
659 1379 737 1439 quid
789 1381 867 1441 num
928 1389 1109 1449 sperabis
1144 1399 1178 1459 in
1205 1407 1299 1467 loste

376 1455 423 1515 Si
446 1452 502 1512 tibi
541 1450 754 1510 germanus
801 1452 887 1512 fata
927 1459 1092 1519 ceuenta
1132 1469 1250 1529 staut

325 1528 390 1588 Ali
417 1522 547 1582 fuerat
593 1520 711 1580 satius
756 1523 913 1583 mimici
958 1532 1128 1592 vulnera
1175 1543 1260 1603 teli¬

377 1595 580 1655 Accipere,
596 1591 742 1651 lostili
783 1593 839 1653 vel
880 1598 1050 1658 ceridisse
1075 1607 1189 1667 manu

321 1673 452 1733 Qaam
502 1664 592 1724 nun
649 1664 806 1724 periuri
839 1671 978 1731 fratris
1020 1678 1085 1738 cum
1143 1685 1217 1745 irie
1258 1690 1373 1750 vitam

370 1738 594 1798 ferdere,
611 1734 661 1794 ne
694 1736 794 1796 vitio
827 1743 936 1803 mors
977 1753 1144 1813 caruisse
1177 1761 1326 1821 queat.

324 1818 410 1878 Nec
436 1811 488 1871 ne
513 1808 591 1868 mei
626 1808 773 1868 fuerat
825 1816 1032 1876 constans
1076 1825 1162 1885 suria
1205 1830 1317 1890 fati,

380 1888 424 1948 dt
463 1882 640 1942 veniant
685 1883 779 1943 vitae
830 1888 935 1948 nulla
980 1896 1118 1956 scrunda
1157 1900 1230 1960 mud

310 1964 488 2024 Anferqu
534 1958 657 2018 raqut
690 1959 893 2019 Nanfraga
937 1964 1016 2024 num
1049 1970 1128 2030 spr
1139 1977 1284 2037 rapidis
1306 1989 1385 2049 mea
1419 2002 1542 2062 puppis
1565 2012 1599 2072 in
1632 2025 1744 2085 vndis

359 2053 459 2113 Non
516 2043 659 2103 poterit
710 2039 811 2099 portu
860 2038 1097 2098 comodiore
1147 2046 1233 2106 fuui

316 2124 438 2184 Parua
483 2118 582 2178 meam
637 2113 793 2173 pariam
859 2111 937 2171 Crit
970 2115 1191 2175 Diivoluere)
1214 2132 1357 2192 reliqui
