2000 2581
736 123 1001 183 aco80

381 131 431 191 ter
325 169 385 229 Na
500 160 567 220 duo
598 159 734 219 featres
772 159 839 219 Cne
870 160 991 220 essent
1029 163 1097 223 sine
1128 164 1256 224 litibus
1293 163 1362 223 vlla

380 235 534 295 Tempora
572 228 666 288 siam
728 225 875 285 puendo
921 226 983 286 sub
1014 229 1185 289 genetrire
1223 234 1378 294 monent

309 304 374 364 Et
416 300 507 360 mens
548 297 672 357 insolito
713 296 845 356 collisus
894 296 1043 356 pendere
1084 298 1216 358 venter

385 371 518 431 Militia
557 366 634 426 repit
688 364 905 424 succubuisse
936 363 1075 423 grani.

327 441 476 501 Solatur
505 430 636 490 rursum
702 429 851 489 supremi
889 433 1010 493 voctor
1057 439 1179 499 Olymp

358 508 411 568 Et
449 501 549 561 mihi
580 497 633 557 per
671 496 778 556 sonum
840 498 948 558 talia
978 499 1062 559 poba
1108 504 1246 564 referti

326 572 510 632 Nachoris
551 563 639 623 hand
673 562 843 622 timeas,
858 563 925 623 non
953 565 1014 625 hec
1048 567 1109 627 sine
1137 570 1225 630 mue
1252 573 1348 633 finnt

368 637 543 697 Marima
579 631 640 691 non
682 628 814 688 vanum
856 629 917 689 hxc
947 631 1080 691 omnia
1122 639 1261 699 pendus
1291 646 1351 706 hut

320 701 381 761 En
417 697 520 757 modo
561 695 715 755 maturo
750 695 904 755 venient
955 696 991 756 de
1022 700 1155 760 ventre
1196 706 1339 766 gemelli

358 770 426 830 Ete
442 764 560 824 poprli
593 762 753 822 verient
812 763 938 823 Tleta
980 767 1064 827 sis)
1072 769 1173 829 inde
1207 772 1307 832 duo.

328 835 537 895 Prustraque
555 832 610 892 non
646 831 719 891 illis
765 830 884 890 pugna
911 831 1010 891 est,
1029 833 1084 893 lis
1120 839 1284 899 maxima
1321 848 1402 908 semp

999 872 1115 932 olines
363 906 429 966 His
451 902 569 962 erit,
591 901 686 961 hand
723 901 834 961 vnque
863 903 943 963 quae
973 904 980 964 d
1171 910 1303 970 queat.

324 974 371 1034 St
405 970 528 1030 minor
582 967 671 1027 (hoc
705 966 781 1026 mir
828 966 1019 1026 Imaioris
1060 971 1149 1031 plia
1182 979 1305 1039 vimet

371 1036 480 1096 Qi
510 1035 674 1095 promissa
713 1034 774 1094 olim
837 1035 976 1095 semina
1023 1037 1093 1097 leta
1131 1040 1224 1100 dabit

310 1103 423 1163 Hinc
458 1100 487 1160 ti
516 1099 587 1159 Cne
615 1099 757 1159 dubita)
779 1101 899 1161 veniet
941 1105 1056 1165 stirps
1098 1111 1269 1171 maxima
1318 1116 1411 1176 mius

354 1173 508 1233 Dextera
575 1164 751 1224 serpentis
803 1166 965 1226 enteret
1001 1170 1105 1230 alta
1149 1173 1244 1233 raput

315 1242 434 1302 Dixit
451 1236 493 1296 et;
510 1233 536 1293 in
561 1230 731 1290 tenebras
764 1230 833 1290 eum
875 1232 1011 1292 Pomno
1036 1237 1129 1297 cessit
1163 1242 1265 1302 imaxo

378 1305 525 1365 Solliciti
552 1298 634 1358 iari
661 1296 752 1356 plena
780 1297 916 1357 timoris
962 1300 1035 1360 exc.

316 1377 469 1437 Cempus
489 1370 611 1430 adest
642 1368 805 1428 partus,
825 1369 937 1429 faclix
968 1370 1028 1430 quo
1050 1373 1161 1433 stirpe
1191 1379 1324 1439 gemella

358 1444 480 1504 Mater
510 1440 593 1500 eram
655 1438 785 1498 duplici
815 1440 1066 1500 conspicienda
1111 1445 1217 1505 bono.

316 1514 419 1574 Veque
435 1510 507 1570 meo
538 1507 665 1567 facras
713 1507 744 1567 tu
776 1507 879 1567 faelix
927 1511 1038 1571 sempue
1054 1518 1220 1578 amore¬

370 1582 434 1642 hic
466 1578 577 1638 patris
616 1578 629 1638 e
661 1578 784 1638 contra
829 1580 952 1640 feater
991 1586 1108 1646 amore
1141 1591 1250 1651 fuit.

320 1653 479 1713 Namqui
506 1645 563 1705 illi
590 1644 749 1704 placuit
805 1646 871 1706 nim
935 1652 1103 1712 fortasse
1132 1660 1253 1720 virile

375 1722 503 1782 Pectus
529 1718 576 1778 &amp;
604 1717 631 1777 in
671 1717 759 1777 duro
799 1721 961 1781 prompta
1001 1725 1116 1785 labore
1149 1731 1304 1791 manus.

310 1790 378 1850 Ne
401 1786 455 1846 tua
500 1782 667 1842 detinuit
712 1783 872 1843 placido
903 1788 963 1848 rum
1024 1793 1160 1853 corpore
1198 1800 1327 1860 forma

805 1826 920 1886 mater
954 1828 1082 1888 apnere
356 1863 412 1923 It
443 1854 580 1914 vultus
617 1852 742 1912 quales
799 1855 905 1915 motis
949 1861 1079 1921 trabere
1123 1868 1247 1928 solet.

327 1935 357 1995 te
388 1925 530 1985 domus
561 1921 724 1981 oblestat
776 1925 929 1985 forlix,
949 1930 1000 1990 sed
1040 1936 1133 1996 frat
1183 1941 1215 2001 in
1245 1944 1336 2004 agro

365 1997 563 2057 Instituit
607 1994 709 2054 vitae
753 1998 914 2058 tempora
958 2002 1045 2062 dura
1097 2003 1177 2063 suae

304 2067 442 2127 samqq
471 2064 549 2124 puer
599 2063 657 2123 saem
726 2064 854 2124 querit
904 2070 1130 2130 distrimina
1168 2077 1268 2137 belli¬

358 2142 491 2202 sicipit
527 2140 571 2200 et
607 2138 704 2198 forti
731 2137 820 2197 posse
874 2137 1016 2197 placere
1051 2138 1211 2198 manu.
