2000 2581
514 181 626 241 Impie
664 176 746 236 num
806 174 949 234 nultus
986 173 1121 233 audes
1165 175 1360 235 sperare
1405 177 1652 237 paternes.

436 251 662 311 Contrnet
712 244 796 304 ast
837 241 997 301 genitor
1064 242 1340 302 furibundes
1391 249 1558 309 pectore
1600 258 1767 318 fratres,

519 327 629 387 Atque
663 319 815 379 animo
857 316 985 376 vigili
1018 317 1120 377 quid
1162 318 1281 378 talia
1331 320 1492 380 somnia
1534 323 1703 383 portent

521 395 864 455 Considerat,
890 386 1036 446 dinum
1105 388 1277 448 taritus
1319 395 1560 455 ronamina
1612 402 1792 462 voluens.

526 477 620 537 Non
662 462 800 522 tamen
852 454 920 514 ira
962 453 1125 513 pravis
1168 456 1279 516 ferox
1322 461 1365 521 et
1407 471 1707 531 machinatia
1741 482 1869 542 ressant

522 541 736 601 pectora,
756 532 785 592 se
823 528 989 588 rigidis
1037 527 1223 587 maret
1261 530 1368 590 alta
1418 538 1573 598 mente
1602 550 1758 610 reposta

531 614 684 674 Coloria
739 604 939 664 fraterna
995 600 1023 660 et
1078 599 1300 659 contextae
1348 605 1508 665 Veestis
1542 619 1715 679 honores
229 633 340 693 depis
370 625 420 685 tae

539 681 608 741 Vta
662 676 764 736 Cain
810 672 942 732 dirus
989 672 1152 732 fratris
1198 673 1299 733 bona
1346 680 1509 740 gandia
1555 692 1734 752 rerrens

533 747 730 807 Aestuat
794 739 891 799 atque
918 739 981 799 aio
1026 742 1233 802 rendeles
1277 750 1438 810 colligit
1483 759 1591 819 iras

532 812 759 872 tuuidus,
775 809 810 869 et
852 808 953 868 seux
995 809 1146 869 querit
1206 816 1476 876 molimina
1526 828 1636 888 redis

530 890 676 950 Hand
716 885 794 945 atr
842 883 1047 943 fratrum
1107 885 1389 945 consurgunt
1439 892 1556 952 corda
1595 901 1761 961 furorqu

538 960 758 1020 Eragitat
807 955 970 1015 roerus,
987 954 1224 1014 permano
1265 956 1305 1016 vt
1363 962 1568 1022 parguire
1608 974 1771 1034 dextras

541 1023 948 1083 contaminent,
977 1023 1171 1083 mortiqs
1200 1027 1297 1087 puis
1345 1034 1540 1094 tradatur
1559 1039 1695 1099 Posep.

532 1104 665 1164 Aptaq
727 1092 963 1152 fraternae
1005 1092 1199 1152 captant
1241 1098 1323 1158 iam
1394 1104 1529 1164 tempa
1569 1110 1694 1170 redi¬

499 1191 638 1251 ctera
683 1176 744 1236 lux
788 1167 963 1227 veniens
1017 1164 1095 1224 noc
1121 1166 1314 1226 turnas
1368 1174 1561 1234 discutit
1604 1184 1780 1244 vmbeas

536 1253 588 1313 ae
625 1241 826 1301 Eretidem
893 1231 1115 1291 linquens
1160 1232 1338 1292 monites
1376 1237 1406 1297 et
1443 1245 1636 1305 culmina
1673 1260 1821 1320 lustrat

544 1309 807 1369 truadians
856 1303 1013 1363 terras
1053 1302 1284 1362 rutilanti
1333 1308 1481 1368 sydere
1530 1320 1703 1380 Phoebus

550 1380 877 1440 Estabalisque
899 1372 1030 1432 geeges
1074 1372 1216 1432 rauci
1248 1374 1325 1434 cum
1390 1385 1642 1445 muriure
1663 1399 1751 1459 corm

554 1452 785 1512 Mittunte
851 1445 1015 1505 teneri
1044 1445 1227 1505 balant
1274 1448 1342 1508 sub
1389 1456 1572 1516 irtbus
1620 1468 1735 1528 aem.

552 1523 713 1583 Moxqi
734 1515 895 1575 petuunt
937 1514 1087 1574 Sichem
1142 1518 1324 1578 hostilem
1387 1530 1581 1590 ramposqs
1635 1545 1806 1605 virentes

545 1601 622 1661 bis
664 1590 800 1650 quimi
834 1586 920 1646 prio
970 1586 1174 1646 quatati
1217 1593 1302 1653 eum
1361 1602 1489 1662 quege
1557 1617 1736 1677 pratres.

561 1670 648 1730 Ast
686 1659 763 1719 vbi
792 1653 984 1713 supremo
1032 1656 1215 1716 ploebus
1264 1664 1330 1724 sub
1370 1671 1485 1731 Tetire
1513 1678 1610 1738 coeli

548 1734 757 1794 Crnstitit
821 1728 861 1788 et
909 1727 1062 1787 medio
1110 1731 1270 1791 clarus
1318 1737 1391 1797 Sol
1415 1747 1623 1807 Solender
1664 1762 1848 1822 Dempo¬

544 1803 775 1863 Rellictum
839 1798 887 1858 ad
926 1798 1078 1858 natum
1141 1804 1372 1864 tremulus
1411 1813 1467 1873 sic
1507 1819 1594 1879 fatu
1635 1830 1770 1890 Jacob¬

533 1880 647 1940 hare
679 1875 761 1935 pror
802 1872 965 1932 venias
1014 1875 1202 1935 columnen
1251 1883 1373 1943 mihsi
1414 1892 1528 1952 dulce
1569 1906 1748 1966 senectae

542 1945 597 2005 Et
635 1939 802 1999 timidi
840 1938 1072 1998 promptus
1127 1946 1350 2006 completo
1397 1959 1499 2019 iussa
1545 1974 1768 2034 parentis.

552 2016 671 2076 Cum
730 2013 898 2073 peroris
948 2014 1038 2074 unt
1087 2019 1335 2079 petierunt
1374 2032 1563 2092 admine
1602 2052 1751 2112 Sechem

545 2090 756 2150 Frates,
776 2088 816 2148 et
867 2088 1028 2148 viridis
1067 2091 1258 2151 passunt
1299 2097 1339 2157 in
1379 2106 1530 2166 cespite
1570 2125 1740 2185 campi¬

556 2167 613 2227 Su
653 2164 730 2224 non
778 2164 1050 2224 ignoras,
1069 2168 1244 2228 quanti
1283 2175 1350 2235 illi
1390 2181 1496 2241 saepe
1544 2193 1709 2253 furore
