2000 2581
355 205 522 265 Infoelix
564 205 740 265 rapite,
766 206 999 266 trepidat,
1024 207 1092 267 nec
1125 210 1209 270 ipse
1243 215 1452 275 resistit¬

354 269 587 329 Impronisa
629 267 749 327 tueris
790 268 945 328 anmo
988 272 1185 332 crudelia
1232 280 1322 340 fata

348 341 434 401 Nor
473 333 607 393 tamen
646 330 827 390 attellenis
867 333 1032 393 placido
1071 339 1141 399 sua
1180 347 1345 407 limina
1401 358 1542 418 vultu¬

359 406 532 466 talibus
570 397 752 457 allequite
797 400 1079 460 meditantes
1124 413 1321 473 crimina
1366 425 1540 485 fratres.

298 475 391 535 Htei
418 466 528 526 mihsi
563 461 640 521 quo
674 461 829 521 tandem
897 464 1018 524 fres,
1043 473 1275 533 conamina
1309 484 1489 544 tendunt

362 536 510 596 vestra
569 530 665 590 quid
710 529 784 589 aut
822 531 977 591 tantum
1036 537 1140 597 potui
1162 545 1355 605 quiittere
1385 556 1525 616 noxae¬

370 596 527 656 Quas
564 590 721 650 poenas
767 594 960 654 misero,
988 604 1163 664 mortem
1219 615 1256 675 et
1293 619 1329 679 qua
1348 625 1477 685 vinita
1523 636 1699 696 paratis

361 664 483 724 and
521 658 577 718 ego
606 657 775 717 fallari,
793 660 981 720 fratres,
1001 667 1076 727 vos
1132 680 1330 740 crimine
1367 693 1470 753 lesi¬

361 737 454 797 Non
498 731 616 791 vnque
651 729 761 789 voris
804 731 983 791 hostilia
1042 740 1213 800 damna
1272 752 1451 812 param.

361 808 378 868 D
421 803 550 863 prox,
567 800 584 860 o
618 800 773 860 fratres
832 802 1004 862 insonti
1039 809 1210 869 parcite
1262 819 1424 879 Pratr¬

365 874 555 934 Intenat
601 870 646 930 at
692 870 883 930 reliquus
928 873 1058 933 reetus
1112 880 1326 940 magnoque
1341 891 1538 951 tumultu

362 944 546 1004 Insontem
610 939 778 999 pulsant
827 941 1083 1001 adhibentes
1131 950 1275 1010 rebera
1323 962 1483 1022 versbus

356 1022 419 1082 Et
456 1012 638 1072 raxiunt
683 1008 864 1068 inserum
928 1013 1092 1073 fratres
1146 1027 1427 1087 Comratile
1464 1042 1527 1102 dic
1555 1047 1591 1107 fu

359 1081 641 1141 Precipiternq
691 1074 892 1134 tatunt
933 1077 973 1137 qe
994 1081 1115 1141 opare
1165 1093 1377 1153 tegurina
1417 1105 1517 1165 spluc

374 1157 567 1217 Vtgelocum
611 1148 653 1208 ad
685 1146 837 1206 dictum
890 1147 1051 1207 veniunt
1095 1155 1287 1215 fontemque
1310 1170 1492 1230 qefundum

370 1227 417 1287 In
446 1221 550 1281 carae
588 1217 749 1277 flentem
805 1217 1032 1277 demittunt
1089 1227 1231 1287 visera
1278 1243 1401 1303 tervae

372 1295 448 1355 Ast
481 1290 549 1350 ille
591 1288 633 1348 vt
685 1287 802 1347 nigra
853 1292 1056 1352 terbrosa
1098 1303 1233 1363 cubilia
1276 1314 1402 1374 terrae

373 1364 419 1424 Se
450 1357 689 1417 intranisse
728 1358 843 1418 videt
898 1367 1122 1427 lachignis
1168 1377 1208 1437 si
1261 1385 1346 1445 fate
1378 1396 1508 1456 obortis

303 1435 320 1495 D
371 1430 457 1490 deus
492 1428 758 1488 omnipotens
802 1431 879 1491 qui
906 1435 991 1495 celso
1026 1444 1215 1504 ruline
1259 1455 1363 1515 cali¬

374 1498 639 1558 Imperitaris
679 1499 792 1559 paerio
832 1506 1047 1566 dispensas
1087 1519 1260 1579 omniqe
1282 1525 1403 1585 mitu¬

362 1578 413 1638 Da
449 1573 521 1633 pror
557 1570 810 1630 altitorans
861 1576 904 1636 ne
948 1581 1048 1641 falso
1085 1590 1266 1650 rrimine
1309 1596 1461 1656 fratrum

366 1642 578 1702 Decressus
620 1641 762 1701 caream
819 1646 989 1706 praedulcis
1039 1656 1223 1716 numere
1266 1664 1372 1724 vitae

366 1718 417 1778 Da
462 1714 543 1774 pror
587 1714 632 1774 vt
676 1715 832 1775 fratres
877 1721 1031 1781 tandem
1091 1728 1158 1788 sua
1194 1737 1357 1797 crimina
1401 1746 1586 1806 nescant,

369 1789 434 1849 Ne
466 1783 646 1843 iniserum
703 1784 834 1844 qadant
883 1792 1063 1852 miseri,
1079 1803 1316 1863 vetulumqu
1356 1812 1479 1872 pentem

365 1855 626 1915 Affligart,
649 1854 713 1914 qui
747 1858 823 1918 me
855 1866 1018 1926 postqui
1052 1876 1171 1936 piisse
1205 1886 1368 1946 videbit

372 1927 439 1987 Ne
484 1928 613 1988 simul
658 1931 695 1991 ad
748 1934 831 1994 tris
861 1937 929 1997 tem
997 1945 1177 2005 ploraus
1215 1959 1455 2019 conitatiter
1486 1973 1599 2033 Decum

364 2001 517 2061 Quod
552 2001 586 2061 si
620 2001 706 2061 fata
749 2005 903 2065 volunt
955 2013 1135 2073 fratrum
1204 2026 1271 2086 ie
1315 2036 1435 2096 puaedere
1478 2055 1648 2115 dextra¬

358 2069 374 2129 D
430 2068 549 2128 deus,
564 2069 644 2129 hec
692 2072 820 2132 saltem
899 2081 1042 2141 insero
1090 2089 1130 2149 im
1193 2097 1265 2157 pra
1313 2107 1416 2167 deter

381 2142 439 2202 Ne
477 2142 563 2202 prio
602 2144 794 2204 existam
871 2156 1035 2216 letalis
1083 2169 1227 2229 caussa
1276 2180 1400 2240 dolori
