2000 2581
341 205 466 265 Lothi
487 202 582 262 potuit
619 199 728 259 raptus
765 197 919 257 quondam
962 197 1020 257 tua
1057 197 1159 257 corda
1188 199 1327 259 mouere
1543 226 1649 286 Coen.
1665 231 1740 291 14.

427 272 491 332 Atq
539 265 616 325 tuas
657 261 716 321 pro
739 260 757 320 se
792 259 892 319 ptere
928 259 951 319 in
986 260 1093 320 arma
1134 263 1264 323 manus

366 333 463 393 Tunc
505 324 615 384 timor
643 321 698 381 ille
740 319 823 379 tuus
864 319 934 379 quis
961 321 1079 381 erat,
1093 323 1155 383 cum
1203 327 1349 387 quattuer
1377 331 1418 391 ipe

418 387 609 447 Agpressus
644 381 730 441 rees
779 380 900 440 Marte
936 380 1092 440 fauente
1128 383 1213 443 redit

375 458 469 518 Non
516 447 647 507 metuis
686 441 798 501 contra
836 440 921 500 veges
959 441 1128 501 pugnare
1156 444 1307 504 potentes

435 520 487 580 t
516 510 634 570 soluas
671 504 804 564 fratus
848 503 995 563 vicula
1040 505 1122 565 dura
1158 508 1231 568 tui.

374 579 468 639 Num
534 569 672 629 metnis
715 564 903 624 mortem,
918 565 998 625 nun
1063 567 1136 627 soena
1172 573 1281 633 picula
1317 581 1397 641 vitas

426 637 522 697 cum
577 630 608 690 ti
641 627 704 687 vex
744 626 903 686 Gerares
942 629 1078 689 vminus
1118 636 1229 696 hostis
1260 645 1381 705 adest.

378 698 494 758 Quis
529 689 645 749 metus
681 688 734 748 ille
770 688 913 748 nounque,
930 690 967 750 qui
984 693 1074 753 tanta
1109 700 1261 760 audatia
1296 707 1394 767 fugit

412 758 566 818 Qidatia
605 751 636 811 in
683 748 844 808 domini
883 750 968 810 num
1029 754 1084 814 vbi
1114 760 1223 820 tanta
1269 772 1400 832 latet5

370 826 454 886 Non
496 818 595 878 Regem
652 812 814 872 metuis.
835 813 977 873 Quid.
991 815 1033 875 n.
1048 818 1111 878 tam
1161 822 1224 882 qua
1260 829 1408 889 timeres

433 877 553 937 Regna
617 873 689 933 Sed
736 873 792 933 hei
825 875 912 935 nimi
951 878 992 938 qae
1008 879 1040 939 ti
1071 883 1176 943 causa
1207 885 1327 945 metus

391 936 462 996 Ner
494 931 636 991 fenstea
667 930 810 990 timeo,
833 932 897 992 nec
928 936 1031 996 vame
1070 942 1214 1002 supirer
1237 945 1292 1005 illa
1579 970 1773 1030 mnticbris.
1560 927 1737 987 Delotppia

427 990 609 1050 Exemplis
648 986 751 1046 didici
785 988 882 1048 rauta
927 992 1047 1052 timere
1081 995 1172 1055 tus.

377 1055 492 1115 Quid
534 1048 663 1108 dubitem
721 1046 843 1106 teneat
886 1046 921 1106 qu
958 1047 1051 1107 nunc
1080 1048 1108 1108 te
1144 1050 1294 1110 bartara
1331 1051 1416 1111 pellex

429 1116 471 1176 Et
508 1108 630 1168 eidens
672 1104 831 1164 damnis
868 1105 1038 1165 pandeat
1080 1107 1144 1167 illa
1191 1107 1318 1167 meis.

380 1182 473 1242 Hec
496 1176 534 1236 ti
558 1171 658 1231 causa
697 1167 859 1227 metus,
874 1167 936 1227 hec
975 1167 1005 1227 te
1044 1168 1121 1228 num
1183 1171 1268 1231 ferit
1299 1174 1437 1234 inertej

433 1241 491 1301 Ne
520 1233 645 1293 repetas
681 1229 805 1289 lenitus
841 1228 936 1288 debita
972 1229 1060 1289 iurae
1082 1228 1191 1288 thori.

398 1297 501 1357 Quo
538 1294 626 1354 feror
662 1293 699 1353 ab
735 1291 875 1351 demens
933 1291 1058 1351 Torsan
1094 1291 1153 1351 non
1182 1291 1240 1351 illa
1278 1291 1409 1351 timoris

432 1362 591 1422 Causa.
615 1357 692 1417 Date
733 1353 882 1413 vemiam
952 1353 1094 1413 voribus
1135 1353 1189 1413 oro
1224 1353 1342 1413 meis.

387 1433 454 1493 Ne
498 1426 590 1486 dolor
627 1419 800 1479 inensus
849 1415 898 1475 me
942 1413 991 1473 vis
1040 1413 1053 1473 f
1090 1413 1189 1473 mune
1225 1414 1324 1474 fortis
1349 1417 1484 1477 amoris

438 1487 629 1547 Omnia,
647 1481 691 1541 vp
722 1477 925 1537 iiseram,
944 1475 1018 1535 tuta
1061 1475 1197 1535 timere
1241 1474 1327 1534 facit

342 1563 390 1623 Ce
423 1555 495 1615 pror
527 1551 535 1611 e
567 1545 688 1605 coniux
735 1540 784 1600 per
816 1537 969 1597 pristina
1009 1537 1105 1597 faeda
1129 1538 1235 1598 lecti¬

441 1613 493 1673 per
528 1607 687 1667 nostrum
748 1601 863 1661 frater
907 1599 934 1659 te
960 1599 1065 1659 genus
1101 1599 1171 1659 ipsa
1206 1600 1312 1660 pror¬

419 1672 496 1732 misse
529 1668 587 1728 non
633 1663 794 1723 timidam
859 1661 1007 1721 dextram
1084 1662 1143 1722 tua
1169 1663 1253 1723 iura
1298 1668 1420 1728 fatere

450 1726 656 1786 Angilium
727 1723 901 1783 dominus
925 1726 1130 1786 consiliumq
1185 1729 1280 1789 dabit

394 1793 457 1853 Ia
493 1789 539 1849 ego
574 1786 737 1846 detineor
773 1785 818 1845 qua
836 1785 944 1845 primo
989 1787 1080 1847 fore
1107 1789 1287 1849 inmuentae

431 1856 502 1916 Et
536 1854 633 1914 soror
650 1852 721 1912 &amp;
747 1850 878 1910 coniux
931 1849 1046 1909 seimque
1071 1850 1186 1910 annia
1247 1851 1318 1911 fii¬

391 1926 457 1986 Ma
495 1919 542 1979 eo
571 1914 675 1974 rapta
722 1911 807 1971 gemo
844 1911 911 1971 qui
948 1912 996 1972 tot
1043 1914 1166 1974 ppessa
1204 1916 1336 1976 labores

444 1979 635 2039 Indefessa
676 1975 735 2035 tuo
776 1974 901 2034 sertur
918 1973 1042 2033 amore
1092 1970 1134 2030 Iu

393 2058 451 2118 a
491 2048 540 2108 po
569 2040 678 2100 mune
707 2034 766 2094 oro
796 2032 864 2092 omp
904 2030 914 2090 3
952 2029 1002 2089 pes
1041 2027 1159 2087 vnna
1199 2024 1267 2084 ii
1569 2034 1653 2094 Gon.
1670 2037 1729 2097 17.
1745 2038 1804 2098 18.

437 2114 543 2174 Qutt
581 2103 648 2163 tibi
696 2095 821 2155 quomisso
870 2087 1033 2147 sendime
1062 2086 1120 2146 nir
1158 2086 1215 2146 ero
