2000 2581
341 183 566 243 Conceptisquie
581 176 673 236 modo
696 174 882 234 lactromis
913 175 982 235 iea
1021 178 1168 238 lumina
1207 183 1369 243 stillant

395 244 496 304 Inque
505 239 597 299 situm
653 235 801 295 nostum
876 238 1051 298 magnus
1088 242 1134 302 vt
1162 245 1273 305 imber
1301 248 1411 308 eunt.

362 315 454 375 as
488 302 580 362 habeo
614 296 731 356 merum
789 296 907 356 luctus
941 301 1042 361 mula
1075 306 1217 366 symbola
1251 311 1352 371 nostu

409 373 483 433 tis
510 356 613 416 lax,
631 347 798 407 hibegetu
863 352 1011 412 tempora
1058 364 1188 424 noctis
1225 372 1319 432 eunt

352 433 531 493 Barbarus
568 419 638 479 ipse
666 414 764 474 velim
818 414 962 474 pemitus
997 420 1222 480 Cachiermasu
1267 431 1401 491 videret

408 497 484 557 Non
521 486 606 546 posset
644 481 729 541 sicris
768 479 823 539 illa
871 480 994 540 videre
1022 482 1146 542 penis.

351 560 431 620 Sola
472 549 544 609 mei
576 542 697 602 merum
753 539 760 599 e
792 539 857 599 non
889 539 962 599 stes
993 543 1098 603 muhsi
1122 548 1234 608 parra
1258 555 1379 615 laboris

421 609 550 669 Quam
603 597 779 657 famulam
824 597 923 657 nobis
961 604 1159 664 Bartarus
1196 614 1242 674 ipe
1273 619 1363 679 dedit

354 682 431 742 Hec
467 663 667 723 lactiremis
702 657 868 717 pribusque
902 659 963 719 pib
1006 667 1190 727 comota,
1215 679 1337 739 dolores

423 730 558 790 Partibur
587 720 703 780 merem
772 719 858 779 fide
897 724 1080 784 minustra
1119 732 1235 792 mihni¬

367 798 450 858 Hec
499 784 590 844 facit
632 780 664 840 vt
698 779 806 839 liceat
846 780 905 840 libi
937 783 1004 843 num
1070 790 1129 850 hec
1161 797 1294 857 mittere
1319 804 1426 864 scripta

417 849 602 909 Colloquij
628 842 743 902 nostri
777 842 839 902 sola
874 844 928 904 seit
954 847 1016 907 illa
1059 849 1174 909 viros.

364 925 448 985 Hec
487 913 548 973 ind
580 906 695 966 solatur
718 903 871 963 inseram
933 905 1003 965 mea
1048 910 1125 970 veta
1171 915 1309 975 pantis

415 972 639 1032 Adinuat,
655 963 838 1023 exoptoris
871 967 1095 1027 consuluisse
1128 973 1252 1033 muhi¬

371 1041 401 1101 e
437 1034 509 1094 num
575 1028 587 1088 o
630 1025 799 1085 coniux,
811 1025 841 1085 te
871 1025 944 1085 num
1004 1026 1180 1086 permane
1216 1027 1397 1087 praeramn,

425 1092 570 1152 Quistina
621 1086 672 1146 fac
714 1085 877 1145 redeant
928 1085 1014 1145 focta
1057 1086 1142 1146 iusta
1176 1086 1288 1146 thori.

379 1166 431 1226 Per
462 1154 567 1214 penus
605 1148 643 1208 et
673 1145 808 1205 penieris
846 1146 967 1206 patrem
1027 1149 1200 1209 serienque
1223 1147 1359 1207 laborum

424 1215 556 1275 Quam
605 1205 703 1265 terum
752 1204 851 1264 forti
876 1206 1016 1266 pectore
1066 1208 1197 1268 fiumdi
1222 1205 1287 1265 tuli

389 1281 443 1341 per
475 1272 554 1332 spem
616 1264 781 1324 promissi
804 1264 898 1324 nobis
930 1264 969 1324 te
1009 1266 1157 1326 serminis
1189 1267 1251 1327 oro

419 1338 521 1398 Mlius
571 1331 681 1391 facito
724 1329 856 1389 mater
899 1329 943 1389 vt
993 1328 1052 1388 esse
1081 1327 1182 1387 gam¬

378 1408 509 1468 Quod
543 1399 575 1459 si
601 1395 708 1455 amor
732 1392 790 1452 luc
832 1390 897 1450 nei
914 1389 1112 1449 languet,
1128 1389 1153 1449 si
1178 1389 1268 1449 foeda
1293 1388 1375 1448 lesti

428 1467 513 1527 Non
555 1455 717 1515 tangunt
794 1449 858 1509 nec
900 1448 928 1508 te
963 1448 1041 1508 fata
1090 1450 1217 1510 fatura
1245 1451 1414 1511 monent.

379 1531 462 1591 Stat
495 1525 545 1585 luc
570 1523 602 1583 tr
636 1519 669 1579 et
710 1513 910 1573 lachromis
959 1510 1084 1570 tantos
1117 1511 1233 1571 finire
1267 1515 1391 1575 dolores

426 1590 505 1650 Nec
539 1582 678 1642 longum
731 1575 871 1635 mortis
910 1573 977 1633 iam
1036 1573 1069 1633 im
1130 1577 1262 1637 temprs
1303 1585 1369 1645 erit

368 1652 505 1712 Nune
545 1647 627 1707 cdor
668 1643 832 1703 mamut
892 1641 995 1701 nullo
1022 1642 1138 1702 stant
1179 1647 1294 1707 robore
1322 1657 1424 1717 vires

416 1717 548 1777 tallida
593 1709 644 1769 vix
688 1705 791 1765 artus
835 1703 1130 1763 senuaminisque
1152 1710 1277 1770 tralo.

361 1781 461 1841 Spes
500 1776 529 1836 im
599 1771 679 1831 quod
738 1767 868 1827 sugest
908 1766 1007 1826 robis
1036 1768 1146 1828 meine
1175 1774 1335 1834 justinet
1364 1786 1474 1846 omne

441 1840 563 1900 Qune
595 1836 619 1896 si
652 1832 879 1892 roniderit
928 1831 1001 1891 vita
1033 1833 1171 1893 salusque
1187 1838 1285 1898 radet

361 1916 472 1976 Plara
516 1908 558 1968 quid
575 1904 627 1964 ali
645 1900 722 1960 scruto
756 1896 938 1956 mandati
981 1895 1093 1955 suma
1144 1901 1316 1961 faturae

414 1982 482 2042 Fer
510 1973 568 2033 vir
587 1967 665 2027 opem
722 1961 878 2021 nobis,
906 1961 974 2021 fer
1002 1963 1041 2023 im
1109 1967 1225 2027 frater
1254 1970 1321 2030 opem
