2000 2581
397 153 534 213 Pestore
569 150 619 210 sub
654 149 749 209 falso
782 150 886 210 corda
929 153 1031 213 dolosa
1075 157 1195 217 vident

348 228 548 288 Preteritae
572 220 656 280 hinc
698 219 848 279 aliquis
890 220 1024 280 renocas
1073 226 1174 286 mala
1215 234 1365 294 tempora
1390 244 1482 304 vitae

414 294 635 354 Absemptos
673 290 788 350 vitiis
827 291 903 351 cons
922 294 1009 354 picit
1047 298 1114 358 esse
1134 302 1211 362 dies

342 374 523 434 Dppssos
551 365 715 425 cernunt
759 364 951 424 renciante
986 371 1213 431 tramnide
1240 383 1359 443 exnos

412 443 516 503 Atque
536 435 659 495 inopum
707 433 736 493 in
783 433 888 493 turpi
917 438 1088 498 membra
1127 448 1251 508 iacere
1280 459 1374 519 lato.

362 516 523 576 Altaque
533 509 748 569 cognessunt
812 509 962 569 ventoso
995 514 1058 574 per
1081 520 1155 580 tora
1188 530 1295 590 factu

405 586 565 646 Iustitia
621 580 797 640 interitum
853 584 1022 644 indiciiqu
1078 593 1182 653 dolos

339 666 470 726 Atque
490 655 581 715 Deum
640 651 771 711 falsos
821 654 922 714 veri
942 658 1013 718 sub
1052 665 1233 725 imagire
1253 669 1363 729 vultus

423 727 584 787 Quas
617 725 713 785 Dno
756 726 906 786 nunque
929 730 1025 790 posse
1046 736 1208 796 placere
1251 744 1370 804 sciunt

1528 829 1731 889 Vimenitat
1784 844 1828 904 ve¬
1536 886 1742 946 sipisentia
352 807 487 867 Hine
516 801 583 861 pia
632 798 815 858 conuersa
872 802 1104 862 meditante
1143 814 1326 874 dognata
1375 825 1461 885 vitae

398 876 476 936 Et
519 873 629 933 iusti
651 872 784 932 curam
839 875 872 935 su
927 879 1060 939 pyisse
1093 887 1225 947 dolent

390 953 459 1013 Ven
493 947 598 1007 mora
640 946 831 1006 pyciunt
891 951 1038 1011 ptiosas
1081 958 1176 1018 corpe
1211 967 1349 1027 vestes

397 1027 558 1087 Altaqi
602 1024 781 1084 deducto
808 1025 897 1085 xtice
933 1027 1023 1087 serta
1058 1031 1211 1091 cadunt

342 1103 453 1163 Inquie
471 1100 582 1160 capat
628 1097 767 1157 eineres
814 1097 1054 1157 spargunt,
1063 1106 1285 1166 laniatibus
1313 1118 1359 1178 ora

395 1176 658 1236 Deformant
743 1171 921 1231 planitu
964 1174 1122 1234 pertora
1164 1182 1269 1242 pulsa
1312 1187 1406 1247 sonat

323 1257 410 1317 Et
458 1254 534 1314 tuis
564 1252 622 1312 teis
669 1250 842 1310 tendunt
881 1250 910 1310 in
949 1252 1036 1312 coeli
1074 1256 1199 1316 sudera
1237 1266 1391 1326 palmas

390 1329 460 1389 Er
515 1325 578 1385 Dm
641 1325 836 1385 auertunt
892 1329 1049 1389 supplice
1080 1334 1150 1394 vore
1189 1341 1362 1401 minas.

336 1400 427 1460 Non
468 1396 527 1456 tum
601 1393 775 1453 viclisses
816 1394 924 1454 lauto
974 1400 1157 1460 comminia
1206 1412 1338 1472 lugu¬

417 1471 501 1531 Nen
546 1465 661 1525 mimio
712 1464 802 1524 totos
841 1465 905 1525 ire
950 1468 1117 1528 hibendo
1161 1473 1239 1533 dies

342 1555 455 1615 Nec
485 1547 640 1607 quenque
672 1543 764 1603 dero
805 1542 1010 1602 fallentem
1072 1544 1227 1604 faeriore
1267 1547 1350 1607 frem

386 1629 619 1689 Dumibus
656 1625 817 1685 amissae
846 1624 941 1684 cura
985 1623 1124 1683 salutis
1160 1622 1241 1682 erat

312 1703 586 1763 Toemineigs
616 1700 743 1760 oreges
792 1698 929 1758 capitis
968 1698 1163 1758 tramenta
1203 1700 1310 1760 supbx

376 1778 647 1838 Abijciunt,
667 1774 774 1834 toto,
783 1773 939 1833 corpore
977 1775 1094 1835 lugus
1123 1779 1201 1839 abit

329 1861 443 1921 Non
492 1851 623 1911 molles
663 1847 777 1907 fuluo
827 1846 966 1906 digitos
1006 1848 1113 1908 tenet
1153 1854 1332 1914 annulus
1358 1866 1453 1926 orbe

388 1933 483 1993 Nec
515 1924 627 1984 nnitet
675 1919 825 1979 externo
865 1920 985 1980 genia
1040 1924 1183 1984 reperta
1223 1928 1367 1988 mari¬

320 2006 490 2066 Nulla
529 2002 757 2062 cathenato
794 2002 975 2062 procedit
1051 2007 1251 2067 pertore,
1260 2013 1374 2073 nulla

375 2089 497 2149 Ba
567 2087 629 2147 mno
682 2083 874 2143 consuerat
935 2082 1084 2142 gandia
1119 2083 1197 2143 lota
1250 2090 1364 2150 videt
