2000 2581
606 138 951 198 iosTeto

305 192 490 252 Crimina
531 190 604 250 quid
644 192 717 252 dipi
773 195 854 255 crm
894 199 983 259 talia
1023 202 1103 262 saepe
1136 203 1241 263 Deoge

726 232 825 292 matun
366 261 545 321 Numina
583 259 639 319 quo
678 261 829 321 Aert
866 268 1008 328 suppird
1036 274 1131 334 altus
1159 276 1272 336 agat.

319 341 358 401 Cu
398 331 496 391 noua
525 325 594 385 non
633 324 741 384 tacti
762 326 829 386 qus
839 329 948 389 tabis
968 335 1066 395 porta
1114 342 1224 402 Lpei¬

385 400 428 460 Tu
473 392 606 452 forme
641 390 738 450 dotes
782 394 1047 454 primitiasque
1074 399 1215 459 feres.

357 463 419 523 pesa
449 459 480 519 et
525 456 587 516 cum
633 456 679 516 tes
717 456 840 516 iupiam
894 462 1056 522 tolerdve
1078 466 1209 526 labores

385 530 503 590 Tecum
555 522 659 582 erbem
718 521 926 581 extremum
979 525 1090 585 fortis
1127 530 1245 590 adire
1283 533 1423 593 velim.

332 591 431 651 Non
480 585 600 645 mare
635 584 705 644 non
741 584 861 644 astus
904 586 1010 646 milsi
1031 591 1193 651 amantia
1228 596 1327 656 corda
1369 602 1532 662 monebit

375 661 468 721 Non
506 655 620 715 ranci
638 652 789 712 fuctus
826 653 1071 713 Caucasuma
1119 656 1222 716 geln.

319 734 387 794 Sed
421 725 455 785 si
480 721 506 781 te
540 715 685 775 rigidum
735 714 804 774 non
837 716 914 776 put
948 719 1016 779 illa
1051 728 1203 788 monere

364 793 436 853 Fac
475 786 587 846 saltem
642 784 873 844 lachrgmis,
889 790 1119 850 comoniare
1151 798 1254 858 meis

318 861 395 921 Qo
444 856 521 916 dna
569 854 618 914 ad
656 853 868 913 famillum
917 858 1062 918 supplix
1100 864 1177 924 mea
1207 870 1341 930 bracsia
1371 879 1496 939 tendo¬

365 930 601 990 Submittogi
638 922 746 982 meas
782 923 846 983 sub
873 925 937 985 tua
983 931 1082 991 nura
1127 939 1317 999 manus.

310 1011 363 1071 Al
407 1001 462 1061 vbi
488 995 559 1055 mun
621 989 791 1049 fastur,
809 989 862 1049 vbi
897 991 1004 1051 mune
1040 996 1138 1056 sunt
1182 1002 1270 1062 iussa
1307 1010 1413 1070 supba

357 1069 423 1129 Et
459 1061 581 1121 solitus
628 1057 703 1117 mo
739 1057 814 1117 qui
843 1058 927 1118 fuit
963 1059 1029 1119 ore
1058 1058 1178 1118 rigor.

318 1132 474 1192 Omnia
522 1126 640 1186 trado
669 1123 738 1183 tibi
777 1123 992 1183 patriamus
1041 1127 1247 1187 domunnqs
1285 1138 1442 1198 genugst

367 1200 574 1260 Arbitrium
628 1192 708 1252 mae
745 1191 871 1251 iusque
889 1193 1024 1253 salutis
1051 1198 1212 1258 habes.

312 1262 464 1322 Electe
501 1258 554 1318 mo
608 1258 698 1318 pror
726 1258 797 1318 hos
842 1259 968 1319 aios,
995 1260 1057 1320 ini
1085 1262 1184 1322 rede
1210 1266 1363 1326 roganti

382 1329 423 1389 de
455 1322 619 1382 moneat
660 1320 766 1380 sexus
823 1325 1117 1385 foeminennque
1150 1328 1248 1388 decus

318 1403 369 1463 re
405 1392 596 1452 meneant
648 1389 771 1449 crebro
813 1390 936 1450 ducti
962 1394 1171 1454 pemutusq
1223 1399 1328 1459 dolora

376 1464 555 1524 Quqque
567 1460 623 1520 ini
656 1459 849 1519 lactergue
893 1460 1028 1520 pallida
1073 1463 1096 1523 in
1129 1465 1197 1525 ora
1230 1470 1377 1530 cadunt

347 1545 430 1605 arte
477 1536 561 1596 pror
599 1530 743 1590 inuenis
790 1528 897 1588 vitae
927 1528 1019 1588 spes
1056 1531 1163 1591 vnia
1209 1537 1300 1597 mae

353 1611 476 1671 Parce
502 1603 590 1663 rogo
635 1597 679 1657 ad
715 1594 890 1654 Hamas
935 1594 952 1654 o
987 1594 1076 1654 puer
1103 1596 1181 1656 orte
1226 1601 1341 1661 meag

308 1691 353 1751 Te
381 1683 426 1743 in
473 1674 500 1734 si
518 1668 684 1728 dederis
720 1662 867 1722 fucilem
940 1663 1050 1723 mihi
1078 1667 1234 1727 tradita
1280 1674 1399 1734 vitae

362 1751 434 1811 Sin
480 1741 635 1801 dederis
671 1734 826 1794 ripidum
890 1733 989 1793 mors
1045 1736 1245 1796 subennda
1282 1742 1399 1802 mihi¬

306 1827 397 1887 Hec
433 1816 470 1876 ti
497 1810 579 1870 num
643 1804 761 1864 mitto
787 1804 933 1864 supplex
978 1809 1142 1869 orantia
1188 1814 1314 1874 xba¬

363 1879 454 1939 Cum
517 1871 622 1931 pribus
649 1871 867 1931 lacumas
909 1876 986 1936 has
1020 1878 1048 1938 ti
1084 1882 1195 1942 mitto
1230 1884 1370 1944 meas.

283 1944 449 2004 Restat
495 1940 532 2000 vt
561 1939 626 1999 hoc
653 1938 765 1998 soldum
820 1939 922 1999 cupio
969 1943 1062 2003 quod
1099 1949 1256 2009 iurgere
1285 1958 1386 2018 terum

342 2019 410 2079 Det
441 2012 478 2072 ti
516 2008 562 2068 si
585 2006 646 2066 mo
698 2006 775 2066 vis
827 2010 964 2070 littera
1010 2015 1092 2075 na
1169 2020 1275 2080 Vale
