2000 2581
377 135 544 195 Vatidio
579 133 711 193 rursum
772 133 887 193 capiti
921 134 983 194 sol
1009 137 1202 197 improbus
1238 144 1360 204 instat

435 214 489 274 Et
520 210 645 270 monet
708 205 903 265 ipniferas
949 205 1027 265 luce
1066 208 1206 268 calente
1245 215 1369 275 faces.

380 295 560 355 Phaebeis
595 285 712 345 radijs
748 281 928 341 nimioque
946 282 1071 342 ralore
1108 284 1260 344 geletes

467 362 682 422 Langnet
706 356 782 416 &amp;
794 351 1009 411 impatieus
1048 350 1148 410 fata
1186 354 1325 414 superia
1363 365 1489 425 ipit¬

387 440 511 500 Quin
545 430 635 490 etiam
677 424 780 484 vitam
835 418 1001 478 contrita
1049 417 1160 477 mente
1201 418 1319 478 posus

452 508 581 568 Ditat
631 500 691 560 sub
731 495 861 555 mortis
900 491 1021 551 requa
1081 492 1200 552 subire
1231 496 1290 556 rito

372 588 444 648 Et
480 581 598 641 modo
634 572 834 632 Cvesane
862 568 980 628 tanta
1026 567 1044 627 e
1089 569 1253 629 audaria
1298 579 1506 639 mentis)

452 651 618 711 Impetit
673 641 848 701 altistum
913 638 1061 698 linqua
1115 639 1282 699 gephana
1337 647 1484 707 Deuin.

448 735 522 795 non
570 723 707 783 cursus
743 717 854 777 sumo
904 717 1014 777 Aius
1040 719 1225 779 despeit
1285 728 1446 788 Olymp

439 806 508 866 Et
538 799 677 859 mustro
708 793 861 853 reddit
907 792 1014 852 talia
1060 794 1145 854 vba
1190 800 1290 860 viro

318 902 423 962 n
471 892 519 952 eA
566 886 614 946 ne
643 881 748 941 sonia
796 876 930 936 subest
959 875 1084 935 tristi
1112 878 1294 938 verordia
1341 887 1504 947 linqnae

446 965 626 1025 Restoris
657 956 829 1016 offremis
874 953 995 1013 tanta
1040 954 1175 1014 Libido
1206 957 1281 1017 tibi
1303 961 1364 1021 est

1448 1012 1460 1072 5
386 1048 453 1108 die
486 1041 528 1101 ne
562 1034 654 1094 mea
695 1028 855 1088 inusas
897 1028 964 1088 num
1023 1034 1300 1094 temerarius
1341 1049 1417 1109 acta

439 1117 489 1177 Et
523 1110 598 1170 tibi
633 1107 691 1167 me
726 1105 852 1165 contra
893 1106 1054 1166 mucta
1104 1114 1231 1174 licere
1265 1125 1416 1185 putas.

367 1189 514 1249 Quod
559 1181 744 1241 Ninenen
798 1180 909 1240 tueor
945 1182 1028 1242 tua
1074 1187 1203 1247 mens
1248 1193 1387 1253 genata
1424 1198 1552 1258 dolore
1580 1200 1634 1260 est

437 1265 506 1325 Et
547 1260 596 1320 tot
637 1257 726 1317 vule
782 1257 864 1317 vna
912 1259 1002 1319 luce
1042 1262 1139 1322 pine
1173 1267 1324 1327 virib.

371 1352 452 1412 Sed
501 1343 592 1403 quod
621 1337 773 1397 planta
822 1337 932 1397 pit,
952 1339 1082 1399 soboles
1113 1342 1183 1402 vie
1223 1348 1353 1408 vnius
1383 1353 1484 1413 hora

458 1421 581 1481 tanta
629 1416 704 1476 tibi
739 1414 875 1474 rabies
924 1416 1102 1476 inpte,
1136 1420 1253 1480 enda
1294 1428 1431 1488 monit

368 1501 538 1561 Quod
573 1496 610 1556 si
634 1493 768 1553 tanta
804 1492 877 1552 ribi
912 1492 973 1552 est
1033 1495 1228 1555 fruticett
1251 1506 1457 1566 amittere
1480 1521 1577 1581 eura

440 1585 563 1645 Qie
595 1575 677 1635 tibi
707 1570 831 1630 parna
883 1568 1027 1628 vmbra
1089 1572 1274 1632 tramine
1316 1581 1429 1641 nata
1481 1594 1594 1654 dedit

386 1665 485 1725 Non
532 1657 652 1717 mihi
685 1651 818 1711 maior
858 1649 931 1709 cat
971 1649 1097 1709 tanta
1163 1655 1382 1715 subuertere
1422 1667 1555 1727 luctus

444 1735 636 1795 Vrtem,
653 1729 737 1789 eum
795 1726 921 1786 natis
955 1729 1289 1789 conugibusque
1314 1738 1465 1798 simul.

391 1817 533 1877 Quos
565 1806 631 1866 eo
664 1799 916 1859 progenni,
948 1800 1036 1860 quos
1070 1804 1201 1864 datro
1233 1811 1409 1871 namine
1441 1817 1540 1877 inii

429 1891 618 1951 bneis
657 1882 793 1942 dulcis
831 1880 930 1940 vitae
968 1881 1119 1941 qumoda
1173 1889 1294 1949 tanta
1347 1899 1468 1959 dedi¬

371 1976 535 2036 Annon
579 1967 634 2027 me
667 1964 721 2024 ius
755 1962 831 2022 tum
919 1961 973 2021 sed
1018 1963 1138 2023 miti
1160 1971 1367 2031 pertore,
1389 1986 1509 2046 nosti

439 2047 600 2107 Quit
692 2041 748 2101 que
772 2039 852 2099 nur
875 2039 933 2099 tes
978 2039 1069 2099 non
1116 2045 1253 2105 pysse
1288 2057 1449 2117 velim.

375 2131 516 2191 Dixit
568 2125 638 2185 &amp;
658 2120 871 2180 intormit
923 2119 994 2179 ralo
1045 2120 1136 2180 Rae
1186 2128 1339 2188 sumus
1379 2141 1501 2201 apeito
