<?xml version="1.0" encoding="UTF-8" standalone="yes"?>
<PcGts xmlns="http://schema.primaresearch.org/PAGE/gts/pagecontent/2013-07-15" xmlns:xsi="http://www.w3.org/2001/XMLSchema-instance" xsi:schemaLocation="http://schema.primaresearch.org/PAGE/gts/pagecontent/2013-07-15 http://schema.primaresearch.org/PAGE/gts/pagecontent/2013-07-15/pagecontent.xsd">
    <Metadata>
        <Creator>prov=READ-COOP:name=PyLaia@TranskribusPlatform:version=0.3.9:model_id=27337:lm=none:date=09_03_2021_13:57
prov=READ-Coop:name=PyLaia@Transkribus:version=0.3.9:model_id=27337:lm=none:date=09_03_2021_13:57
prov=University of Rostock/Institute of Mathematics/CITlab|PLANET AI GmbH/Tobias Gruening/tobias.gruening@planet-ai.de:name=de.uros.citlab.module.baseline2polygon.B2PSeamMultiOriented:v=2.6.7</Creator>
        <Created>2021-03-09T13:06:27.738+01:00</Created>
        <LastChange>2021-03-09T16:14:27.336+01:00</LastChange>
        <TranskribusMetadata docId="625925" pageId="24647202" pageNr="6" tsid="53482704" status="GT" userId="10592" imgUrl="https://files.transkribus.eu/Get?id=JKXTYGKQNHTXBCLNRIDKSZFH&amp;fileType=view" xmlUrl="https://files.transkribus.eu/Get?id=DDDMIBWYVDKKKAFHDWCERUUI" imageId="18988622"/>
    </Metadata>
    <Page imageFilename="1111642.jpeg" imageWidth="2000" imageHeight="2581">
        <ReadingOrder>
            <OrderedGroup id="ro_1621678199351" caption="Regions reading order">
                <RegionRefIndexed index="0" regionRef="r2"/>
            </OrderedGroup>
        </ReadingOrder>
        <TextRegion orientation="0.0" id="r2" custom="readingOrder {index:0;}">
            <Coords points="441,212 441,2148 1569,2148 1569,212"/>
            <TextLine id="r2l1" custom="readingOrder {index:0;}">
                <Coords points="435,267 456,277 555,245 634,283 716,252 747,267 895,250 969,286 1012,281 1034,260 1068,279 1106,244 1185,250 1209,268 1237,255 1309,259 1318,186 1231,187 1198,204 1162,172 1120,165 1006,217 950,202 908,221 808,199 721,218 657,196 567,230 465,192 434,197 435,267"/>
                <Baseline points="441,255 484,252 528,250 571,248 615,246 658,244 702,243 745,242 789,241 832,241 876,240 920,240 963,240 1007,240 1050,241 1094,241 1137,242 1181,243 1224,244 1268,245 1312,246"/>
                <Word id="r2l1_w1" custom="readingOrder {index:0;}">
                    <Coords points="449,212 449,272 500,272 500,212"/>
                    <TextEquiv>
                        <Unicode>Si</Unicode>
                    </TextEquiv>
                </Word>
                <Word id="r2l1_w2" custom="readingOrder {index:1;}">
                    <Coords points="516,209 516,269 543,269 543,209"/>
                    <TextEquiv>
                        <Unicode>te</Unicode>
                    </TextEquiv>
                </Word>
                <Word id="r2l1_w3" custom="readingOrder {index:2;}">
                    <Coords points="577,206 577,266 628,266 628,206"/>
                    <TextEquiv>
                        <Unicode>nec</Unicode>
                    </TextEquiv>
                </Word>
                <Word id="r2l1_w4" custom="readingOrder {index:3;}">
                    <Coords points="654,203 654,263 748,263 748,203"/>
                    <TextEquiv>
                        <Unicode>peus</Unicode>
                    </TextEquiv>
                </Word>
                <Word id="r2l1_w5" custom="readingOrder {index:4;}">
                    <Coords points="781,201 781,261 842,261 842,201"/>
                    <TextEquiv>
                        <Unicode>nec</Unicode>
                    </TextEquiv>
                </Word>
                <Word id="r2l1_w6" custom="readingOrder {index:5;}">
                    <Coords points="875,200 875,260 1038,260 1038,200"/>
                    <TextEquiv>
                        <Unicode>tangunt</Unicode>
                    </TextEquiv>
                </Word>
                <Word id="r2l1_w7" custom="readingOrder {index:6;}">
                    <Coords points="1080,202 1080,262 1200,262 1200,202"/>
                    <TextEquiv>
                        <Unicode>fredera</Unicode>
                    </TextEquiv>
                </Word>
                <Word id="r2l1_w8" custom="readingOrder {index:7;}">
                    <Coords points="1225,205 1225,265 1311,265 1311,205"/>
                    <TextEquiv>
                        <Unicode>lecti</Unicode>
                    </TextEquiv>
                </Word>
                <TextEquiv>
                    <Unicode>Si te nec sexus nec tangunt foedera lecti</Unicode>
                </TextEquiv>
            </TextLine>
            <TextLine id="r2l2" custom="readingOrder {index:1;}">
                <Coords points="516,328 535,337 575,313 646,306 691,342 827,307 1116,310 1145,328 1181,315 1181,265 1109,259 1068,279 1042,270 968,285 889,255 807,283 759,259 632,283 610,264 516,250 516,328"/>
                <Baseline points="523,309 555,307 588,305 620,303 653,302 685,301 718,300 750,300 783,299 815,299 848,299 881,299 913,300 946,300 978,301 1011,301 1043,302 1076,302 1108,303 1141,303 1174,304"/>
                <Word id="r2l2_w1" custom="readingOrder {index:0;}">
                    <Coords points="531,263 531,323 679,323 679,263"/>
                    <TextEquiv>
                        <Unicode>solliritis</Unicode>
                    </TextEquiv>
                </Word>
                <Word id="r2l2_w2" custom="readingOrder {index:1;}">
                    <Coords points="719,259 719,319 822,319 822,259"/>
                    <TextEquiv>
                        <Unicode>saltem</Unicode>
                    </TextEquiv>
                </Word>
                <Word id="r2l2_w3" custom="readingOrder {index:2;}">
                    <Coords points="880,261 880,321 1080,321 1080,261"/>
                    <TextEquiv>
                        <Unicode>Tomoneare</Unicode>
                    </TextEquiv>
                </Word>
                <Word id="r2l2_w4" custom="readingOrder {index:3;}">
                    <Coords points="1106,263 1106,323 1177,323 1177,263"/>
                    <TextEquiv>
                        <Unicode>Dei¬</Unicode>
                    </TextEquiv>
                </Word>
                <TextEquiv>
                    <Unicode>Pollicitis saltem commoveare Dei.</Unicode>
                </TextEquiv>
            </TextLine>
            <TextLine id="r2l3" custom="readingOrder {index:2;}">
                <Coords points="465,400 529,376 587,408 690,383 722,403 769,403 808,375 848,382 876,354 965,375 1003,410 1019,399 1063,410 1089,387 1121,406 1163,371 1203,386 1219,372 1295,370 1336,386 1435,387 1451,380 1451,330 1327,351 1270,327 1227,343 1169,316 1103,342 1067,324 999,346 872,312 701,342 638,315 549,340 498,308 465,308 465,400"/>
                <Baseline points="471,379 519,374 568,370 617,366 665,364 714,362 763,360 811,360 860,359 909,359 958,359 1006,360 1055,361 1104,362 1152,363 1201,365 1250,366 1298,368 1347,369 1396,371 1445,372"/>
                <Word id="r2l3_w1" custom="readingOrder {index:0;}">
                    <Coords points="463,337 463,397 516,397 516,337"/>
                    <TextEquiv>
                        <Unicode>Ma</Unicode>
                    </TextEquiv>
                </Word>
                <Word id="r2l3_w2" custom="readingOrder {index:1;}">
                    <Coords points="542,330 542,390 586,390 586,330"/>
                    <TextEquiv>
                        <Unicode>ego</Unicode>
                    </TextEquiv>
                </Word>
                <Word id="r2l3_w3" custom="readingOrder {index:2;}">
                    <Coords points="630,324 630,384 692,384 692,324"/>
                    <TextEquiv>
                        <Unicode>(si</Unicode>
                    </TextEquiv>
                </Word>
                <Word id="r2l3_w4" custom="readingOrder {index:3;}">
                    <Coords points="710,320 710,380 860,380 860,320"/>
                    <TextEquiv>
                        <Unicode>nescis)</Unicode>
                    </TextEquiv>
                </Word>
                <Word id="r2l3_w5" custom="readingOrder {index:4;}">
                    <Coords points="877,319 877,379 940,379 940,319"/>
                    <TextEquiv>
                        <Unicode>sum</Unicode>
                    </TextEquiv>
                </Word>
                <Word id="r2l3_w6" custom="readingOrder {index:5;}">
                    <Coords points="992,320 992,380 1037,380 1037,320"/>
                    <TextEquiv>
                        <Unicode>quae</Unicode>
                    </TextEquiv>
                </Word>
                <Word id="r2l3_w7" custom="readingOrder {index:6;}">
                    <Coords points="1054,322 1054,382 1187,382 1187,322"/>
                    <TextEquiv>
                        <Unicode>proprio</Unicode>
                    </TextEquiv>
                </Word>
                <Word id="r2l3_w8" custom="readingOrder {index:7;}">
                    <Coords points="1204,325 1204,385 1257,385 1257,325"/>
                    <TextEquiv>
                        <Unicode>ore</Unicode>
                    </TextEquiv>
                </Word>
                <Word id="r2l3_w9" custom="readingOrder {index:8;}">
                    <Coords points="1284,329 1284,389 1451,389 1451,329"/>
                    <TextEquiv>
                        <Unicode>tonantis</Unicode>
                    </TextEquiv>
                </Word>
                <TextEquiv>
                    <Unicode>Illa ego ( si nescis ) sum quae proprio ore tonantis</Unicode>
                </TextEquiv>
            </TextLine>
            <TextLine id="r2l4" custom="readingOrder {index:3;}">
                <Coords points="522,467 614,433 668,441 694,427 783,447 813,431 871,441 891,430 1017,448 1067,427 1137,446 1247,430 1247,399 1132,396 1119,407 1097,392 1059,408 1000,407 882,353 835,391 805,378 756,410 664,384 591,412 543,382 520,392 522,467"/>
                <Baseline points="528,438 563,435 599,432 634,429 670,427 706,425 741,424 777,423 812,422 848,422 884,422 919,421 955,421 990,422 1026,422 1062,422 1097,422 1133,422 1168,422 1204,422 1240,422"/>
                <Word id="r2l4_w1" custom="readingOrder {index:0;}">
                    <Coords points="523,391 523,451 684,451 684,391"/>
                    <TextEquiv>
                        <Unicode>Promissi</Unicode>
                    </TextEquiv>
                </Word>
                <Word id="r2l4_w2" custom="readingOrder {index:1;}">
                    <Coords points="712,383 712,443 809,443 809,383"/>
                    <TextEquiv>
                        <Unicode>nati</Unicode>
                    </TextEquiv>
                </Word>
                <Word id="r2l4_w3" custom="readingOrder {index:2;}">
                    <Coords points="845,381 845,441 970,441 970,381"/>
                    <TextEquiv>
                        <Unicode>debita</Unicode>
                    </TextEquiv>
                </Word>
                <Word id="r2l4_w4" custom="readingOrder {index:3;}">
                    <Coords points="1012,382 1012,442 1137,442 1137,382"/>
                    <TextEquiv>
                        <Unicode>mater</Unicode>
                    </TextEquiv>
                </Word>
                <Word id="r2l4_w5" custom="readingOrder {index:4;}">
                    <Coords points="1165,382 1165,442 1249,442 1249,382"/>
                    <TextEquiv>
                        <Unicode>ero.</Unicode>
                    </TextEquiv>
                </Word>
                <TextEquiv>
                    <Unicode>Promissi nati debita mater ero.</Unicode>
                </TextEquiv>
            </TextLine>
            <TextLine id="r2l5" custom="readingOrder {index:4;}">
                <Coords points="454,507 521,515 547,497 606,509 652,495 713,507 752,498 783,524 833,490 883,499 898,488 959,518 1098,477 1179,501 1346,500 1398,491 1397,434 1350,428 1314,458 1230,464 1193,442 1115,442 1070,459 1035,440 1016,450 985,438 903,441 852,461 789,441 694,466 643,431 565,447 539,468 453,440 454,507"/>
                <Baseline points="460,499 506,496 553,493 599,490 646,487 692,486 739,484 785,482 832,481 878,480 925,479 972,478 1018,478 1065,478 1111,477 1158,477 1204,477 1251,477 1297,477 1344,476 1391,476"/>
                <Word id="r2l5_w1" custom="readingOrder {index:0;}">
                    <Coords points="468,456 468,516 526,516 526,456"/>
                    <TextEquiv>
                        <Unicode>Ne</Unicode>
                    </TextEquiv>
                </Word>
                <Word id="r2l5_w2" custom="readingOrder {index:1;}">
                    <Coords points="552,448 552,508 700,508 700,448"/>
                    <TextEquiv>
                        <Unicode>dubita,</Unicode>
                    </TextEquiv>
                </Word>
                <Word id="r2l5_w3" custom="readingOrder {index:2;}">
                    <Coords points="725,441 725,501 899,501 899,441"/>
                    <TextEquiv>
                        <Unicode>repetas,</Unicode>
                    </TextEquiv>
                </Word>
                <Word id="r2l5_w4" custom="readingOrder {index:3;}">
                    <Coords points="918,438 918,498 1001,498 1001,438"/>
                    <TextEquiv>
                        <Unicode>dnqus</Unicode>
                    </TextEquiv>
                </Word>
                <Word id="r2l5_w5" custom="readingOrder {index:4;}">
                    <Coords points="1021,438 1021,498 1079,498 1079,438"/>
                    <TextEquiv>
                        <Unicode>tua</Unicode>
                    </TextEquiv>
                </Word>
                <Word id="r2l5_w6" custom="readingOrder {index:5;}">
                    <Coords points="1124,437 1124,497 1195,497 1195,437"/>
                    <TextEquiv>
                        <Unicode>vota</Unicode>
                    </TextEquiv>
                </Word>
                <Word id="r2l5_w7" custom="readingOrder {index:6;}">
                    <Coords points="1240,436 1240,496 1381,496 1381,436"/>
                    <TextEquiv>
                        <Unicode>innabit</Unicode>
                    </TextEquiv>
                </Word>
                <TextEquiv>
                    <Unicode>Ne dubita, repetas, Dominus tua vota iuvabit</Unicode>
                </TextEquiv>
            </TextLine>
            <TextLine id="r2l6" custom="readingOrder {index:5;}">
                <Coords points="519,575 600,557 700,585 740,555 800,544 911,563 984,543 1049,563 1173,540 1243,559 1339,539 1339,518 1297,499 1243,519 1166,500 1127,518 1030,500 960,517 897,488 883,500 835,491 772,525 654,495 571,519 548,498 517,512 519,575"/>
                <Baseline points="525,556 565,553 605,551 646,548 686,546 727,544 767,542 807,541 848,540 888,539 929,538 969,537 1009,537 1050,536 1090,535 1131,535 1171,534 1211,533 1252,533 1292,532 1333,530"/>
                <Word id="r2l6_w1" custom="readingOrder {index:0;}">
                    <Coords points="527,514 527,574 567,574 567,514"/>
                    <TextEquiv>
                        <Unicode>Tu</Unicode>
                    </TextEquiv>
                </Word>
                <Word id="r2l6_w2" custom="readingOrder {index:1;}">
                    <Coords points="608,509 608,569 656,569 656,509"/>
                    <TextEquiv>
                        <Unicode>mo</Unicode>
                    </TextEquiv>
                </Word>
                <Word id="r2l6_w3" custom="readingOrder {index:2;}">
                    <Coords points="696,504 696,564 757,564 757,504"/>
                    <TextEquiv>
                        <Unicode>fac</Unicode>
                    </TextEquiv>
                </Word>
                <Word id="r2l6_w4" custom="readingOrder {index:3;}">
                    <Coords points="785,499 785,559 968,559 968,499"/>
                    <TextEquiv>
                        <Unicode>constans</Unicode>
                    </TextEquiv>
                </Word>
                <Word id="r2l6_w5" custom="readingOrder {index:4;}">
                    <Coords points="1002,496 1002,556 1029,556 1029,496"/>
                    <TextEquiv>
                        <Unicode>in</Unicode>
                    </TextEquiv>
                </Word>
                <Word id="r2l6_w6" custom="readingOrder {index:5;}">
                    <Coords points="1063,495 1063,555 1117,555 1117,495"/>
                    <TextEquiv>
                        <Unicode>tua</Unicode>
                    </TextEquiv>
                </Word>
                <Word id="r2l6_w7" custom="readingOrder {index:6;}">
                    <Coords points="1151,493 1151,553 1219,553 1219,493"/>
                    <TextEquiv>
                        <Unicode>iura</Unicode>
                    </TextEquiv>
                </Word>
                <Word id="r2l6_w8" custom="readingOrder {index:7;}">
                    <Coords points="1253,492 1253,552 1314,552 1314,492"/>
                    <TextEquiv>
                        <Unicode>vuc</Unicode>
                    </TextEquiv>
                </Word>
                <TextEquiv>
                    <Unicode>Tu modo fac constans, in tua iura rue.</Unicode>
                </TextEquiv>
            </TextLine>
            <TextLine id="r2l7" custom="readingOrder {index:6;}">
                <Coords points="455,633 552,634 586,611 638,603 785,612 835,598 947,635 1049,589 1076,611 1157,614 1179,632 1215,611 1295,615 1330,590 1437,597 1436,533 1410,529 1301,572 1212,547 1037,572 1008,551 967,573 883,550 849,559 822,543 787,547 751,580 714,571 689,584 665,571 603,588 565,576 548,587 490,559 454,576 455,633"/>
                <Baseline points="462,617 510,613 558,609 607,605 655,602 704,600 752,598 801,596 849,594 898,593 946,592 994,592 1043,591 1091,591 1140,591 1188,591 1237,591 1285,591 1334,590 1382,590 1431,590"/>
                <Word id="r2l7_w1" custom="readingOrder {index:0;}">
                    <Coords points="467,573 467,633 538,633 538,573"/>
                    <TextEquiv>
                        <Unicode>Fac</Unicode>
                    </TextEquiv>
                </Word>
                <Word id="r2l7_w2" custom="readingOrder {index:1;}">
                    <Coords points="578,563 578,623 674,623 674,563"/>
                    <TextEquiv>
                        <Unicode>mora</Unicode>
                    </TextEquiv>
                </Word>
                <Word id="r2l7_w3" custom="readingOrder {index:2;}">
                    <Coords points="706,559 706,619 746,619 746,559"/>
                    <TextEquiv>
                        <Unicode>ne</Unicode>
                    </TextEquiv>
                </Word>
                <Word id="r2l7_w4" custom="readingOrder {index:3;}">
                    <Coords points="778,555 778,615 833,615 833,555"/>
                    <TextEquiv>
                        <Unicode>nim</Unicode>
                    </TextEquiv>
                </Word>
                <Word id="r2l7_w5" custom="readingOrder {index:4;}">
                    <Coords points="873,552 873,612 969,612 969,552"/>
                    <TextEquiv>
                        <Unicode>lorga</Unicode>
                    </TextEquiv>
                </Word>
                <Word id="r2l7_w6" custom="readingOrder {index:5;}">
                    <Coords points="992,551 992,611 1048,611 1048,551"/>
                    <TextEquiv>
                        <Unicode>hec</Unicode>
                    </TextEquiv>
                </Word>
                <Word id="r2l7_w7" custom="readingOrder {index:6;}">
                    <Coords points="1080,551 1080,611 1119,611 1119,551"/>
                    <TextEquiv>
                        <Unicode>im</Unicode>
                    </TextEquiv>
                </Word>
                <Word id="r2l7_w8" custom="readingOrder {index:7;}">
                    <Coords points="1160,551 1160,611 1255,611 1255,551"/>
                    <TextEquiv>
                        <Unicode>qaedat</Unicode>
                    </TextEquiv>
                </Word>
                <Word id="r2l7_w9" custom="readingOrder {index:8;}">
                    <Coords points="1287,550 1287,610 1438,610 1438,550"/>
                    <TextEquiv>
                        <Unicode>anante</Unicode>
                    </TextEquiv>
                </Word>
                <TextEquiv>
                    <Unicode>Fac, mora ne nimium longa hęc me perdat amantem,</Unicode>
                </TextEquiv>
            </TextLine>
            <TextLine id="r2l8" custom="readingOrder {index:7;}">
                <Coords points="535,691 572,691 609,669 654,691 750,660 818,672 870,701 949,680 997,691 1018,676 1144,686 1167,669 1204,683 1248,647 1289,661 1349,651 1420,683 1450,664 1448,592 1385,614 1299,611 1260,636 1221,612 1177,633 1159,616 1078,613 1050,589 957,633 815,617 766,649 710,632 625,650 569,625 533,632 535,691"/>
                <Baseline points="541,675 586,671 631,668 676,664 721,660 766,658 811,655 856,653 901,651 946,650 992,648 1037,647 1082,647 1127,646 1172,646 1217,646 1262,647 1307,647 1352,648 1397,650 1443,651"/>
                <Word id="r2l8_w1" custom="readingOrder {index:0;}">
                    <Coords points="539,632 539,692 604,692 604,632"/>
                    <TextEquiv>
                        <Unicode>Nee</Unicode>
                    </TextEquiv>
                </Word>
                <Word id="r2l8_w2" custom="readingOrder {index:1;}">
                    <Coords points="645,622 645,682 736,682 736,622"/>
                    <TextEquiv>
                        <Unicode>mova</Unicode>
                    </TextEquiv>
                </Word>
                <Word id="r2l8_w3" custom="readingOrder {index:2;}">
                    <Coords points="776,616 776,676 810,676 810,616"/>
                    <TextEquiv>
                        <Unicode>in</Unicode>
                    </TextEquiv>
                </Word>
                <Word id="r2l8_w4" custom="readingOrder {index:3;}">
                    <Coords points="851,610 851,670 1031,670 1031,610"/>
                    <TextEquiv>
                        <Unicode>pperebse</Unicode>
                    </TextEquiv>
                </Word>
                <Word id="r2l8_w5" custom="readingOrder {index:4;}">
                    <Coords points="1065,606 1065,666 1229,666 1229,606"/>
                    <TextEquiv>
                        <Unicode>noritura</Unicode>
                    </TextEquiv>
                </Word>
                <Word id="r2l8_w6" custom="readingOrder {index:5;}">
                    <Coords points="1270,607 1270,667 1369,667 1369,607"/>
                    <TextEquiv>
                        <Unicode>mihi</Unicode>
                    </TextEquiv>
                </Word>
                <Word id="r2l8_w7" custom="readingOrder {index:6;}">
                    <Coords points="1385,610 1385,670 1442,670 1442,610"/>
                    <TextEquiv>
                        <Unicode>est</Unicode>
                    </TextEquiv>
                </Word>
                <TextEquiv>
                    <Unicode>Hęc mora, ni properes, hei, nocitura mihi est.</Unicode>
                </TextEquiv>
            </TextLine>
            <TextLine id="r2l11" custom="readingOrder {index:8;}">
                <Coords points="474,761 595,735 625,748 660,729 717,742 792,723 818,738 860,719 933,724 947,709 1027,715 1049,731 1087,712 1134,717 1179,743 1205,733 1231,747 1260,731 1325,753 1445,717 1444,680 1408,685 1375,665 1347,684 1306,684 1250,647 1193,685 1068,675 870,699 804,669 742,702 699,693 654,708 617,680 533,696 474,674 474,761"/>
                <Baseline points="480,747 530,741 580,736 631,730 681,726 732,722 782,718 833,715 883,712 934,709 984,707 1035,706 1085,705 1136,705 1186,705 1237,705 1287,706 1338,707 1388,710 1439,712"/>
                <Word id="r2l11_w1" custom="readingOrder {index:0;}">
                    <Coords points="469,696 469,756 687,756 687,696"/>
                    <TextEquiv>
                        <Unicode>Htartenus</Unicode>
                    </TextEquiv>
                </Word>
                <Word id="r2l11_w2" custom="readingOrder {index:1;}">
                    <Coords points="713,675 713,735 931,735 931,675"/>
                    <TextEquiv>
                        <Unicode>imoluums</Unicode>
                    </TextEquiv>
                </Word>
                <Word id="r2l11_w3" custom="readingOrder {index:2;}">
                    <Coords points="966,665 966,725 1123,725 1123,665"/>
                    <TextEquiv>
                        <Unicode>mameo,</Unicode>
                    </TextEquiv>
                </Word>
                <Word id="r2l11_w4" custom="readingOrder {index:3;}">
                    <Coords points="1140,665 1140,725 1201,725 1201,665"/>
                    <TextEquiv>
                        <Unicode>nec</Unicode>
                    </TextEquiv>
                </Word>
                <Word id="r2l11_w5" custom="readingOrder {index:4;}">
                    <Coords points="1227,665 1227,725 1289,725 1289,665"/>
                    <TextEquiv>
                        <Unicode>lesi</Unicode>
                    </TextEquiv>
                </Word>
                <Word id="r2l11_w6" custom="readingOrder {index:5;}">
                    <Coords points="1323,669 1323,729 1445,729 1445,669"/>
                    <TextEquiv>
                        <Unicode>pudore</Unicode>
                    </TextEquiv>
                </Word>
                <TextEquiv>
                    <Unicode>Hactenus incolumis maneo nec lęsa pudore,</Unicode>
                </TextEquiv>
            </TextLine>
            <TextLine id="r2l12" custom="readingOrder {index:9;}">
                <Coords points="501,814 534,821 618,788 667,804 696,787 743,800 792,781 870,779 892,793 983,765 1032,787 1092,770 1137,780 1164,769 1188,785 1247,770 1313,792 1355,772 1433,797 1448,793 1446,739 1380,730 1325,753 1260,731 1218,751 1196,739 975,752 957,739 928,751 885,740 872,752 751,759 705,738 640,772 557,748 500,764 501,814"/>
                <Baseline points="508,802 554,797 601,791 647,788 694,783 741,780 787,777 834,774 881,772 927,770 974,769 1021,768 1067,767 1114,767 1161,767 1207,768 1254,768 1301,769 1347,770 1394,772 1441,773"/>
                <Word id="r2l12_w1" custom="readingOrder {index:0;}">
                    <Coords points="523,757 523,817 583,817 583,757"/>
                    <TextEquiv>
                        <Unicode>hac</Unicode>
                    </TextEquiv>
                </Word>
                <Word id="r2l12_w2" custom="readingOrder {index:1;}">
                    <Coords points="623,745 623,805 725,805 725,745"/>
                    <TextEquiv>
                        <Unicode>modo</Unicode>
                    </TextEquiv>
                </Word>
                <Word id="r2l12_w3" custom="readingOrder {index:2;}">
                    <Coords points="751,738 751,798 784,798 784,738"/>
                    <TextEquiv>
                        <Unicode>in</Unicode>
                    </TextEquiv>
                </Word>
                <Word id="r2l12_w4" custom="readingOrder {index:3;}">
                    <Coords points="819,731 819,791 953,791 953,731"/>
                    <TextEquiv>
                        <Unicode>noceat</Unicode>
                    </TextEquiv>
                </Word>
                <Word id="r2l12_w5" custom="readingOrder {index:4;}">
                    <Coords points="993,727 993,787 1054,787 1054,727"/>
                    <TextEquiv>
                        <Unicode>tam</Unicode>
                    </TextEquiv>
                </Word>
                <Word id="r2l12_w6" custom="readingOrder {index:5;}">
                    <Coords points="1108,727 1108,787 1208,787 1208,727"/>
                    <TextEquiv>
                        <Unicode>mora</Unicode>
                    </TextEquiv>
                </Word>
                <Word id="r2l12_w7" custom="readingOrder {index:6;}">
                    <Coords points="1242,728 1242,788 1336,788 1336,728"/>
                    <TextEquiv>
                        <Unicode>lenta</Unicode>
                    </TextEquiv>
                </Word>
                <Word id="r2l12_w8" custom="readingOrder {index:7;}">
                    <Coords points="1369,732 1369,792 1443,792 1443,732"/>
                    <TextEquiv>
                        <Unicode>im¬</Unicode>
                    </TextEquiv>
                </Word>
                <TextEquiv>
                    <Unicode>Fac modo, ne noceat tam mora lenta mihi.</Unicode>
                </TextEquiv>
            </TextLine>
            <TextLine id="r2l13" custom="readingOrder {index:10;}">
                <Coords points="478,887 513,893 547,860 567,869 598,853 625,863 717,847 755,868 798,860 827,882 846,865 925,875 950,851 1003,871 1093,827 1144,844 1251,834 1281,820 1280,795 1226,803 1208,789 1162,803 1130,779 1092,803 1064,780 924,779 891,794 864,780 752,812 604,795 583,815 560,804 532,832 475,796 478,887"/>
                <Baseline points="484,857 523,853 563,850 602,847 642,844 681,841 721,839 760,837 800,835 839,833 879,831 919,830 958,829 998,828 1037,827 1077,826 1116,826 1156,826 1195,825 1235,825 1275,825"/>
                <Word id="r2l13_w1" custom="readingOrder {index:0;}">
                    <Coords points="492,812 492,872 558,872 558,812"/>
                    <TextEquiv>
                        <Unicode>psa</Unicode>
                    </TextEquiv>
                </Word>
                <Word id="r2l13_w2" custom="readingOrder {index:1;}">
                    <Coords points="596,805 596,865 661,865 661,805"/>
                    <TextEquiv>
                        <Unicode>dies</Unicode>
                    </TextEquiv>
                </Word>
                <Word id="r2l13_w3" custom="readingOrder {index:2;}">
                    <Coords points="689,798 689,858 773,858 773,798"/>
                    <TextEquiv>
                        <Unicode>totos</Unicode>
                    </TextEquiv>
                </Word>
                <Word id="r2l13_w4" custom="readingOrder {index:3;}">
                    <Coords points="811,792 811,852 895,852 895,792"/>
                    <TextEquiv>
                        <Unicode>pago</Unicode>
                    </TextEquiv>
                </Word>
                <Word id="r2l13_w5" custom="readingOrder {index:4;}">
                    <Coords points="933,787 933,847 1083,847 1083,787"/>
                    <TextEquiv>
                        <Unicode>susfiria</Unicode>
                    </TextEquiv>
                </Word>
                <Word id="r2l13_w6" custom="readingOrder {index:5;}">
                    <Coords points="1130,785 1130,845 1262,845 1262,785"/>
                    <TextEquiv>
                        <Unicode>duceris</Unicode>
                    </TextEquiv>
                </Word>
                <TextEquiv>
                    <Unicode>Ipsa dies totos perago suspiria ducens,</Unicode>
                </TextEquiv>
            </TextLine>
            <TextLine id="r2l14" custom="readingOrder {index:11;}">
                <Coords points="508,927 590,913 704,919 747,902 807,923 824,912 860,940 901,910 985,901 998,887 1080,900 1094,888 1236,899 1344,888 1412,914 1437,906 1434,813 1368,838 1276,818 1244,840 1218,831 1135,867 1071,836 1013,868 968,867 949,851 914,877 792,877 770,864 741,883 695,883 631,857 580,891 531,876 507,893 508,927"/>
                <Baseline points="514,916 559,913 605,909 651,907 697,903 743,901 788,898 834,895 880,893 926,891 972,889 1017,888 1063,886 1109,885 1155,884 1201,884 1246,883 1292,884 1338,884 1384,885 1430,886"/>
                <Word id="r2l14_w1" custom="readingOrder {index:0;}">
                    <Coords points="524,873 524,933 572,933 572,873"/>
                    <TextEquiv>
                        <Unicode>Et</Unicode>
                    </TextEquiv>
                </Word>
                <Word id="r2l14_w2" custom="readingOrder {index:1;}">
                    <Coords points="600,863 600,923 792,923 792,863"/>
                    <TextEquiv>
                        <Unicode>latirgmis</Unicode>
                    </TextEquiv>
                </Word>
                <Word id="r2l14_w3" custom="readingOrder {index:2;}">
                    <Coords points="833,851 833,911 985,911 985,851"/>
                    <TextEquiv>
                        <Unicode>gemutus</Unicode>
                    </TextEquiv>
                </Word>
                <Word id="r2l14_w4" custom="readingOrder {index:3;}">
                    <Coords points="1012,845 1012,905 1122,905 1122,845"/>
                    <TextEquiv>
                        <Unicode>misseo</Unicode>
                    </TextEquiv>
                </Word>
                <Word id="r2l14_w5" custom="readingOrder {index:4;}">
                    <Coords points="1150,843 1150,903 1281,903 1281,843"/>
                    <TextEquiv>
                        <Unicode>inesta</Unicode>
                    </TextEquiv>
                </Word>
                <Word id="r2l14_w6" custom="readingOrder {index:5;}">
                    <Coords points="1322,844 1322,904 1439,904 1439,844"/>
                    <TextEquiv>
                        <Unicode>meis.</Unicode>
                    </TextEquiv>
                </Word>
                <TextEquiv>
                    <Unicode>Et lachrymis gemitus misceo maesta meis.</Unicode>
                </TextEquiv>
            </TextLine>
            <TextLine id="r2l15" custom="readingOrder {index:12;}">
                <Coords points="465,1003 744,961 877,974 945,1005 1025,954 1177,951 1196,967 1234,953 1420,959 1419,916 1344,888 1253,922 1175,891 1147,892 1112,926 1055,901 988,914 937,900 861,940 825,914 760,943 721,917 662,945 625,921 585,945 564,929 497,931 463,948 465,1003"/>
                <Baseline points="471,983 518,979 565,975 612,972 659,969 706,966 753,964 800,961 847,959 894,957 942,955 989,954 1036,953 1083,952 1130,951 1177,950 1224,949 1271,949 1318,949 1365,949 1413,949"/>
                <Word id="r2l15_w1" custom="readingOrder {index:0;}">
                    <Coords points="474,939 474,999 553,999 553,939"/>
                    <TextEquiv>
                        <Unicode>Ast</Unicode>
                    </TextEquiv>
                </Word>
                <Word id="r2l15_w2" custom="readingOrder {index:1;}">
                    <Coords points="588,931 588,991 646,991 646,931"/>
                    <TextEquiv>
                        <Unicode>vbi</Unicode>
                    </TextEquiv>
                </Word>
                <Word id="r2l15_w3" custom="readingOrder {index:2;}">
                    <Coords points="674,926 674,986 711,986 711,926"/>
                    <TextEquiv>
                        <Unicode>Sd</Unicode>
                    </TextEquiv>
                </Word>
                <Word id="r2l15_w4" custom="readingOrder {index:3;}">
                    <Coords points="754,920 754,980 869,980 869,920"/>
                    <TextEquiv>
                        <Unicode>radios</Unicode>
                    </TextEquiv>
                </Word>
                <Word id="r2l15_w5" custom="readingOrder {index:4;}">
                    <Coords points="905,913 905,973 1077,973 1077,913"/>
                    <TextEquiv>
                        <Unicode>abstendit</Unicode>
                    </TextEquiv>
                </Word>
                <Word id="r2l15_w6" custom="readingOrder {index:5;}">
                    <Coords points="1120,910 1120,970 1221,970 1221,910"/>
                    <TextEquiv>
                        <Unicode>norte</Unicode>
                    </TextEquiv>
                </Word>
                <Word id="r2l15_w7" custom="readingOrder {index:6;}">
                    <Coords points="1249,909 1249,969 1407,969 1407,909"/>
                    <TextEquiv>
                        <Unicode>cadentes</Unicode>
                    </TextEquiv>
                </Word>
                <TextEquiv>
                    <Unicode>Ast ubi sol radios abscondit nocte cadentes</Unicode>
                </TextEquiv>
            </TextLine>
            <TextLine id="r2l16" custom="readingOrder {index:13;}">
                <Coords points="526,1067 621,1041 677,1049 894,1019 1008,1066 1058,1058 1118,1015 1145,1027 1213,1011 1239,1035 1370,1035 1391,1020 1389,958 1307,953 1244,988 1214,964 1185,965 1124,994 1042,986 837,1007 773,994 737,1012 714,995 676,1003 640,988 617,999 536,985 523,989 526,1067"/>
                <Baseline points="531,1039 573,1036 616,1034 658,1031 701,1029 744,1027 786,1025 829,1023 872,1021 914,1019 957,1018 1000,1016 1042,1015 1085,1014 1128,1013 1170,1012 1213,1011 1256,1010 1298,1009 1341,1009 1384,1008"/>
                <Word id="r2l16_w1" custom="readingOrder {index:0;}">
                    <Coords points="527,994 527,1054 695,1054 695,994"/>
                    <TextEquiv>
                        <Unicode>Anpictas</Unicode>
                    </TextEquiv>
                </Word>
                <Word id="r2l16_w2" custom="readingOrder {index:1;}">
                    <Coords points="740,984 740,1044 865,1044 865,984"/>
                    <TextEquiv>
                        <Unicode>maior</Unicode>
                    </TextEquiv>
                </Word>
                <Word id="r2l16_w3" custom="readingOrder {index:2;}">
                    <Coords points="908,977 908,1037 1047,1037 1047,977"/>
                    <TextEquiv>
                        <Unicode>turaque</Unicode>
                    </TextEquiv>
                </Word>
                <Word id="r2l16_w4" custom="readingOrder {index:3;}">
                    <Coords points="1070,972 1070,1032 1202,1032 1202,972"/>
                    <TextEquiv>
                        <Unicode>maior</Unicode>
                    </TextEquiv>
                </Word>
                <Word id="r2l16_w5" custom="readingOrder {index:4;}">
                    <Coords points="1239,969 1239,1029 1385,1029 1385,969"/>
                    <TextEquiv>
                        <Unicode>adest.</Unicode>
                    </TextEquiv>
                </Word>
                <TextEquiv>
                    <Unicode>Anxietas maior curaque maior adest.</Unicode>
                </TextEquiv>
            </TextLine>
            <TextLine id="r2l17" custom="readingOrder {index:14;}">
                <Coords points="486,1131 561,1101 627,1128 653,1110 739,1114 763,1100 860,1113 930,1079 963,1107 1031,1083 1255,1099 1290,1085 1351,1096 1363,1083 1402,1095 1430,1091 1428,1033 1328,1055 1306,1036 1253,1048 1210,1016 1142,1058 1087,1046 1041,1065 989,1064 914,1035 884,1059 651,1045 568,1071 520,1035 483,1028 486,1131"/>
                <Baseline points="492,1104 538,1101 585,1097 631,1094 678,1092 724,1089 771,1087 817,1085 864,1084 910,1082 957,1081 1004,1079 1050,1079 1097,1077 1143,1077 1190,1076 1236,1075 1283,1075 1329,1075 1376,1074 1423,1074"/>
                <Word id="r2l17_w1" custom="readingOrder {index:0;}">
                    <Coords points="509,1060 509,1120 583,1120 583,1060"/>
                    <TextEquiv>
                        <Unicode>nur</Unicode>
                    </TextEquiv>
                </Word>
                <Word id="r2l17_w2" custom="readingOrder {index:1;}">
                    <Coords points="625,1052 625,1112 705,1112 705,1052"/>
                    <TextEquiv>
                        <Unicode>sedco</Unicode>
                    </TextEquiv>
                </Word>
                <Word id="r2l17_w3" custom="readingOrder {index:2;}">
                    <Coords points="747,1045 747,1105 857,1105 857,1045"/>
                    <TextEquiv>
                        <Unicode>vores</Unicode>
                    </TextEquiv>
                </Word>
                <Word id="r2l17_w4" custom="readingOrder {index:3;}">
                    <Coords points="895,1039 895,1099 1078,1099 1078,1039"/>
                    <TextEquiv>
                        <Unicode>obseruant</Unicode>
                    </TextEquiv>
                </Word>
                <Word id="r2l17_w5" custom="readingOrder {index:4;}">
                    <Coords points="1109,1036 1109,1096 1262,1096 1262,1036"/>
                    <TextEquiv>
                        <Unicode>anribus</Unicode>
                    </TextEquiv>
                </Word>
                <Word id="r2l17_w6" custom="readingOrder {index:5;}">
                    <Coords points="1292,1034 1292,1094 1421,1094 1421,1034"/>
                    <TextEquiv>
                        <Unicode>omnes</Unicode>
                    </TextEquiv>
                </Word>
                <TextEquiv>
                    <Unicode>Tunc sedeo voces observans auribus omnes</Unicode>
                </TextEquiv>
            </TextLine>
            <TextLine id="r2l18" custom="readingOrder {index:15;}">
                <Coords points="517,1164 543,1180 583,1178 644,1156 693,1180 747,1171 812,1135 840,1159 873,1145 914,1155 954,1184 1002,1156 1076,1151 1110,1165 1142,1156 1175,1186 1197,1163 1252,1183 1282,1153 1329,1139 1376,1152 1410,1144 1411,1107 1378,1100 1336,1116 1291,1086 1237,1122 1183,1091 1140,1118 1056,1089 965,1109 926,1093 905,1109 630,1132 547,1106 516,1118 517,1164"/>
                <Baseline points="524,1164 568,1159 612,1155 656,1151 700,1149 744,1146 788,1145 832,1144 876,1142 920,1142 964,1142 1008,1141 1052,1141 1096,1141 1140,1141 1184,1140 1228,1140 1272,1139 1316,1138 1360,1136 1405,1134"/>
                <Word id="r2l18_w1" custom="readingOrder {index:0;}">
                    <Coords points="536,1118 536,1178 622,1178 622,1118"/>
                    <TextEquiv>
                        <Unicode>Atque</Unicode>
                    </TextEquiv>
                </Word>
                <Word id="r2l18_w2" custom="readingOrder {index:1;}">
                    <Coords points="646,1108 646,1168 771,1168 771,1108"/>
                    <TextEquiv>
                        <Unicode>omnem</Unicode>
                    </TextEquiv>
                </Word>
                <Word id="r2l18_w3" custom="readingOrder {index:2;}">
                    <Coords points="842,1102 842,1162 927,1162 927,1102"/>
                    <TextEquiv>
                        <Unicode>regit</Unicode>
                    </TextEquiv>
                </Word>
                <Word id="r2l18_w4" custom="readingOrder {index:3;}">
                    <Coords points="975,1101 975,1161 1021,1161 1021,1101"/>
                    <TextEquiv>
                        <Unicode>sus</Unicode>
                    </TextEquiv>
                </Word>
                <Word id="r2l18_w5" custom="readingOrder {index:4;}">
                    <Coords points="1037,1101 1037,1161 1131,1161 1131,1101"/>
                    <TextEquiv>
                        <Unicode>piror</Unicode>
                    </TextEquiv>
                </Word>
                <Word id="r2l18_w6" custom="readingOrder {index:5;}">
                    <Coords points="1170,1100 1170,1160 1233,1160 1233,1100"/>
                    <TextEquiv>
                        <Unicode>esse</Unicode>
                    </TextEquiv>
                </Word>
                <Word id="r2l18_w7" custom="readingOrder {index:6;}">
                    <Coords points="1271,1096 1271,1156 1421,1156 1421,1096"/>
                    <TextEquiv>
                        <Unicode>somum.</Unicode>
                    </TextEquiv>
                </Word>
                <TextEquiv>
                    <Unicode>Atque omnem regis suspicor esse sonum.</Unicode>
                </TextEquiv>
            </TextLine>
            <TextLine id="line_1615302712218_717" custom="readingOrder {index:16;}">
                <Coords points="496,1155 1421,1108 1496,1106 1552,1123 1546,1217 1499,1226 1299,1250 489,1261"/>
                <Baseline points="494,1224 539,1219 584,1214 630,1210 675,1207 720,1204 766,1203 811,1201 856,1201 902,1200 947,1200 992,1200 1038,1200 1083,1200 1128,1200 1174,1200 1219,1200 1264,1199 1310,1198 1355,1196 1401,1193 1422,1193 1451,1193 1481,1195 1510,1198 1540,1199"/>
                <Word id="r2l19_w1" custom="readingOrder {index:0;}">
                    <Coords points="1420,1154 1420,1214 1526,1214 1526,1154"/>
                    <TextEquiv>
                        <Unicode>limen</Unicode>
                    </TextEquiv>
                </Word>
                <Word id="r2l20_w1" custom="readingOrder {index:1;}">
                    <Coords points="486,1181 486,1241 551,1241 551,1181"/>
                    <TextEquiv>
                        <Unicode>tam</Unicode>
                    </TextEquiv>
                </Word>
                <Word id="r2l20_w2" custom="readingOrder {index:2;}">
                    <Coords points="598,1169 598,1229 664,1229 664,1169"/>
                    <TextEquiv>
                        <Unicode>stum</Unicode>
                    </TextEquiv>
                </Word>
                <Word id="r2l20_w3" custom="readingOrder {index:3;}">
                    <Coords points="739,1163 739,1223 777,1223 777,1163"/>
                    <TextEquiv>
                        <Unicode>ad</Unicode>
                    </TextEquiv>
                </Word>
                <Word id="r2l20_w4" custom="readingOrder {index:4;}">
                    <Coords points="805,1160 805,1220 928,1220 928,1160"/>
                    <TextEquiv>
                        <Unicode>thalau</Unicode>
                    </TextEquiv>
                </Word>
                <Word id="r2l20_w5" custom="readingOrder {index:5;}">
                    <Coords points="993,1160 993,1220 1097,1220 1097,1160"/>
                    <TextEquiv>
                        <Unicode>Ntt</Unicode>
                    </TextEquiv>
                </Word>
                <Word id="r2l20_w6" custom="readingOrder {index:6;}">
                    <Coords points="1125,1160 1125,1220 1238,1220 1238,1160"/>
                    <TextEquiv>
                        <Unicode>metuo</Unicode>
                    </TextEquiv>
                </Word>
                <Word id="r2l20_w7" custom="readingOrder {index:7;}">
                    <Coords points="1257,1157 1257,1217 1407,1217 1407,1157"/>
                    <TextEquiv>
                        <Unicode>quaescende</Unicode>
                    </TextEquiv>
                </Word>
                <TextEquiv>
                    <Unicode>Iam hunc ad thalami metuo conscendere limen</Unicode>
                </TextEquiv>
            </TextLine>
            <TextLine id="r2l21" custom="readingOrder {index:17;}">
                <Coords points="531,1290 763,1273 867,1286 1059,1260 1085,1276 1187,1268 1242,1284 1291,1261 1309,1276 1369,1265 1405,1288 1496,1277 1539,1300 1546,1222 1474,1243 1422,1211 1384,1240 1347,1231 1316,1245 1290,1230 1270,1244 1254,1232 1199,1242 1131,1220 1101,1231 1052,1212 1016,1222 974,1209 949,1226 872,1221 774,1253 635,1226 610,1241 554,1232 530,1245 531,1290"/>
                <Baseline points="537,1281 587,1278 637,1273 687,1270 737,1267 787,1265 837,1263 887,1262 937,1261 987,1260 1038,1260 1088,1259 1138,1260 1188,1260 1238,1260 1288,1261 1338,1262 1388,1263 1438,1264 1488,1264 1539,1265"/>
                <Word id="r2l21_w1" custom="readingOrder {index:0;}">
                    <Coords points="532,1231 532,1291 778,1291 778,1231"/>
                    <TextEquiv>
                        <Unicode>Barbarum,</Unicode>
                    </TextEquiv>
                </Word>
                <Word id="r2l21_w2" custom="readingOrder {index:1;}">
                    <Coords points="804,1222 804,1282 918,1282 918,1222"/>
                    <TextEquiv>
                        <Unicode>&amp;Qad</Unicode>
                    </TextEquiv>
                </Word>
                <Word id="r2l21_w3" custom="readingOrder {index:2;}">
                    <Coords points="955,1220 955,1280 1038,1280 1038,1220"/>
                    <TextEquiv>
                        <Unicode>mas</Unicode>
                    </TextEquiv>
                </Word>
                <Word id="r2l21_w4" custom="readingOrder {index:3;}">
                    <Coords points="1082,1219 1082,1279 1145,1279 1145,1219"/>
                    <TextEquiv>
                        <Unicode>inm</Unicode>
                    </TextEquiv>
                </Word>
                <Word id="r2l21_w5" custom="readingOrder {index:4;}">
                    <Coords points="1196,1220 1196,1280 1265,1280 1265,1220"/>
                    <TextEquiv>
                        <Unicode>res</Unicode>
                    </TextEquiv>
                </Word>
                <Word id="r2l21_w6" custom="readingOrder {index:5;}">
                    <Coords points="1297,1221 1297,1281 1353,1281 1353,1221"/>
                    <TextEquiv>
                        <Unicode>ire</Unicode>
                    </TextEquiv>
                </Word>
                <Word id="r2l21_w7" custom="readingOrder {index:6;}">
                    <Coords points="1392,1224 1392,1284 1537,1284 1537,1224"/>
                    <TextEquiv>
                        <Unicode>fores.</Unicode>
                    </TextEquiv>
                </Word>
                <TextEquiv>
                    <Unicode>Barbarum, et ad nostras iam reor ire fores.</Unicode>
                </TextEquiv>
            </TextLine>
            <TextLine id="r2l22" custom="readingOrder {index:18;}">
                <Coords points="472,1358 571,1341 629,1366 668,1341 730,1357 752,1334 796,1365 884,1325 1001,1363 1059,1329 1083,1340 1194,1322 1214,1338 1279,1327 1306,1341 1335,1324 1392,1340 1407,1337 1405,1261 1179,1303 1066,1299 1025,1275 980,1295 915,1282 892,1299 816,1303 784,1281 745,1303 687,1289 665,1308 620,1277 524,1295 489,1268 470,1274 472,1358"/>
                <Baseline points="479,1346 525,1341 571,1336 617,1333 663,1330 709,1327 755,1325 801,1323 847,1322 893,1321 939,1320 985,1319 1031,1319 1077,1319 1123,1319 1169,1319 1215,1319 1261,1319 1307,1319 1353,1319 1399,1319"/>
                <Word id="r2l22_w1" custom="readingOrder {index:0;}">
                    <Coords points="476,1302 476,1362 553,1362 553,1302"/>
                    <TextEquiv>
                        <Unicode>Aest</Unicode>
                    </TextEquiv>
                </Word>
                <Word id="r2l22_w2" custom="readingOrder {index:1;}">
                    <Coords points="587,1293 587,1353 639,1353 639,1293"/>
                    <TextEquiv>
                        <Unicode>vbi</Unicode>
                    </TextEquiv>
                </Word>
                <Word id="r2l22_w3" custom="readingOrder {index:2;}">
                    <Coords points="664,1285 664,1345 818,1345 818,1285"/>
                    <TextEquiv>
                        <Unicode>transegi</Unicode>
                    </TextEquiv>
                </Word>
                <Word id="r2l22_w4" custom="readingOrder {index:3;}">
                    <Coords points="852,1280 852,1340 963,1340 963,1280"/>
                    <TextEquiv>
                        <Unicode>tacite</Unicode>
                    </TextEquiv>
                </Word>
                <Word id="r2l22_w5" custom="readingOrder {index:4;}">
                    <Coords points="997,1279 997,1339 1040,1339 1040,1279"/>
                    <TextEquiv>
                        <Unicode>sic</Unicode>
                    </TextEquiv>
                </Word>
                <Word id="r2l22_w6" custom="readingOrder {index:5;}">
                    <Coords points="1074,1279 1074,1339 1228,1339 1228,1279"/>
                    <TextEquiv>
                        <Unicode>tempora</Unicode>
                    </TextEquiv>
                </Word>
                <Word id="r2l22_w7" custom="readingOrder {index:6;}">
                    <Coords points="1263,1279 1263,1339 1390,1339 1390,1279"/>
                    <TextEquiv>
                        <Unicode>noctis</Unicode>
                    </TextEquiv>
                </Word>
                <TextEquiv>
                    <Unicode>Ast ubi transegi tacitę sic tempora noctis</Unicode>
                </TextEquiv>
            </TextLine>
            <TextLine id="r2l23" custom="readingOrder {index:19;}">
                <Coords points="522,1417 575,1405 638,1435 684,1401 751,1389 854,1408 880,1388 926,1399 959,1377 997,1387 1040,1375 1116,1412 1198,1379 1274,1395 1292,1385 1324,1410 1340,1404 1339,1357 1301,1340 1227,1357 1158,1324 1039,1336 1000,1361 951,1345 796,1365 754,1339 717,1361 667,1348 610,1367 539,1349 520,1355 522,1417"/>
                <Baseline points="528,1398 568,1395 608,1391 648,1388 689,1386 729,1384 769,1382 809,1381 850,1379 890,1379 930,1378 970,1377 1011,1377 1051,1376 1091,1376 1131,1376 1172,1376 1212,1376 1252,1376 1292,1376 1333,1376"/>
                <Word id="r2l23_w1" custom="readingOrder {index:0;}">
                    <Coords points="536,1355 536,1415 575,1415 575,1355"/>
                    <TextEquiv>
                        <Unicode>Et</Unicode>
                    </TextEquiv>
                </Word>
                <Word id="r2l23_w2" custom="readingOrder {index:1;}">
                    <Coords points="609,1347 609,1407 696,1407 696,1347"/>
                    <TextEquiv>
                        <Unicode>rossae</Unicode>
                    </TextEquiv>
                </Word>
                <Word id="r2l23_w3" custom="readingOrder {index:2;}">
                    <Coords points="729,1341 729,1401 855,1401 855,1341"/>
                    <TextEquiv>
                        <Unicode>hurore</Unicode>
                    </TextEquiv>
                </Word>
                <Word id="r2l23_w4" custom="readingOrder {index:3;}">
                    <Coords points="889,1337 889,1397 1016,1397 1016,1337"/>
                    <TextEquiv>
                        <Unicode>muntia</Unicode>
                    </TextEquiv>
                </Word>
                <Word id="r2l23_w5" custom="readingOrder {index:4;}">
                    <Coords points="1062,1336 1062,1396 1169,1396 1169,1336"/>
                    <TextEquiv>
                        <Unicode>5tella</Unicode>
                    </TextEquiv>
                </Word>
                <Word id="r2l23_w6" custom="readingOrder {index:5;}">
                    <Coords points="1210,1336 1210,1396 1316,1396 1316,1336"/>
                    <TextEquiv>
                        <Unicode>venit</Unicode>
                    </TextEquiv>
                </Word>
                <TextEquiv>
                    <Unicode>Et roseae aurorę nuntia stella venit.</Unicode>
                </TextEquiv>
            </TextLine>
            <TextLine id="r2l24" custom="readingOrder {index:20;}">
                <Coords points="508,1463 541,1474 622,1453 729,1489 774,1465 806,1475 826,1462 869,1476 894,1465 926,1482 1056,1446 1114,1454 1145,1475 1169,1458 1233,1476 1285,1463 1418,1467 1432,1465 1431,1381 1367,1383 1323,1410 1302,1395 1183,1380 1135,1415 1038,1410 1004,1383 959,1377 929,1398 880,1389 853,1408 777,1411 749,1396 688,1429 665,1419 636,1434 576,1418 508,1445 508,1463"/>
                <Baseline points="515,1460 560,1456 606,1452 651,1448 697,1445 742,1443 788,1441 833,1439 879,1438 924,1437 970,1437 1015,1436 1061,1437 1106,1437 1152,1438 1197,1439 1243,1440 1288,1441 1334,1443 1379,1445 1425,1447"/>
                <Word id="r2l24_w1" custom="readingOrder {index:0;}">
                    <Coords points="525,1412 525,1472 665,1472 665,1412"/>
                    <TextEquiv>
                        <Unicode>rotinus</Unicode>
                    </TextEquiv>
                </Word>
                <Word id="r2l24_w2" custom="readingOrder {index:1;}">
                    <Coords points="693,1404 693,1464 711,1464 711,1404"/>
                    <TextEquiv>
                        <Unicode>e</Unicode>
                    </TextEquiv>
                </Word>
                <Word id="r2l24_w3" custom="readingOrder {index:2;}">
                    <Coords points="740,1400 740,1460 842,1460 842,1400"/>
                    <TextEquiv>
                        <Unicode>sumna</Unicode>
                    </TextEquiv>
                </Word>
                <Word id="r2l24_w4" custom="readingOrder {index:3;}">
                    <Coords points="880,1397 880,1457 1001,1457 1001,1397"/>
                    <TextEquiv>
                        <Unicode>specto</Unicode>
                    </TextEquiv>
                </Word>
                <Word id="r2l24_w5" custom="readingOrder {index:4;}">
                    <Coords points="1030,1397 1030,1457 1095,1457 1095,1397"/>
                    <TextEquiv>
                        <Unicode>tua</Unicode>
                    </TextEquiv>
                </Word>
                <Word id="r2l24_w6" custom="readingOrder {index:5;}">
                    <Coords points="1141,1398 1141,1458 1226,1458 1226,1398"/>
                    <TextEquiv>
                        <Unicode>tecta</Unicode>
                    </TextEquiv>
                </Word>
                <Word id="r2l24_w7" custom="readingOrder {index:6;}">
                    <Coords points="1272,1403 1272,1463 1422,1463 1422,1403"/>
                    <TextEquiv>
                        <Unicode>fenestra</Unicode>
                    </TextEquiv>
                </Word>
                <TextEquiv>
                    <Unicode>Protinus e summa specto tua tecta fenestra</Unicode>
                </TextEquiv>
            </TextLine>
            <TextLine id="r2l25" custom="readingOrder {index:21;}">
                <Coords points="519,1531 635,1535 799,1498 873,1525 978,1498 1026,1512 1041,1500 1214,1508 1269,1494 1375,1544 1424,1518 1453,1523 1453,1468 1342,1463 1319,1475 1285,1463 1233,1482 1162,1483 1124,1466 1039,1480 952,1467 927,1481 851,1465 821,1479 731,1466 601,1492 558,1472 518,1490 519,1531"/>
                <Baseline points="525,1516 571,1512 617,1509 663,1506 709,1503 755,1501 801,1499 847,1498 893,1497 939,1496 985,1496 1031,1496 1077,1496 1123,1497 1169,1498 1215,1498 1261,1500 1307,1501 1353,1502 1399,1504 1446,1505"/>
                <Word id="r2l25_w1" custom="readingOrder {index:0;}">
                    <Coords points="524,1473 524,1533 576,1533 576,1473"/>
                    <TextEquiv>
                        <Unicode>Et</Unicode>
                    </TextEquiv>
                </Word>
                <Word id="r2l25_w2" custom="readingOrder {index:1;}">
                    <Coords points="616,1467 616,1527 667,1527 667,1467"/>
                    <TextEquiv>
                        <Unicode>quo</Unicode>
                    </TextEquiv>
                </Word>
                <Word id="r2l25_w3" custom="readingOrder {index:2;}">
                    <Coords points="696,1462 696,1522 764,1522 764,1462"/>
                    <TextEquiv>
                        <Unicode>non</Unicode>
                    </TextEquiv>
                </Word>
                <Word id="r2l25_w4" custom="readingOrder {index:3;}">
                    <Coords points="810,1457 810,1517 931,1517 931,1457"/>
                    <TextEquiv>
                        <Unicode>corpus</Unicode>
                    </TextEquiv>
                </Word>
                <Word id="r2l25_w5" custom="readingOrder {index:4;}">
                    <Coords points="970,1456 970,1516 1079,1516 1079,1456"/>
                    <TextEquiv>
                        <Unicode>meris</Unicode>
                    </TextEquiv>
                </Word>
                <Word id="r2l25_w6" custom="readingOrder {index:5;}">
                    <Coords points="1119,1458 1119,1518 1239,1518 1239,1458"/>
                    <TextEquiv>
                        <Unicode>tamen</Unicode>
                    </TextEquiv>
                </Word>
                <Word id="r2l25_w7" custom="readingOrder {index:6;}">
                    <Coords points="1285,1461 1285,1521 1337,1521 1337,1461"/>
                    <TextEquiv>
                        <Unicode>ire</Unicode>
                    </TextEquiv>
                </Word>
                <Word id="r2l25_w8" custom="readingOrder {index:7;}">
                    <Coords points="1371,1463 1371,1523 1422,1523 1422,1463"/>
                    <TextEquiv>
                        <Unicode>pot</Unicode>
                    </TextEquiv>
                </Word>
                <TextEquiv>
                    <Unicode>Et quo non corpus, mens tamen ire petit.</Unicode>
                </TextEquiv>
            </TextLine>
            <TextLine id="r2l26" custom="readingOrder {index:22;}">
                <Coords points="490,1599 523,1595 566,1620 601,1598 654,1608 735,1565 771,1579 800,1564 820,1577 860,1559 985,1596 1035,1570 1098,1557 1123,1570 1158,1553 1221,1575 1274,1564 1363,1604 1430,1593 1429,1540 1370,1545 1338,1524 1306,1536 1256,1502 1212,1531 1130,1530 1076,1507 1027,1529 984,1519 911,1539 802,1508 765,1529 614,1535 569,1551 488,1508 490,1599"/>
                <Baseline points="496,1578 542,1573 588,1569 635,1565 681,1563 727,1560 774,1558 820,1556 866,1555 913,1554 959,1554 1005,1553 1052,1553 1098,1554 1144,1554 1191,1555 1237,1555 1283,1556 1330,1557 1376,1558 1423,1559"/>
                <Word id="r2l26_w1" custom="readingOrder {index:0;}">
                    <Coords points="487,1534 487,1594 574,1594 574,1534"/>
                    <TextEquiv>
                        <Unicode>Sepe</Unicode>
                    </TextEquiv>
                </Word>
                <Word id="r2l26_w2" custom="readingOrder {index:1;}">
                    <Coords points="603,1525 603,1585 652,1585 652,1525"/>
                    <TextEquiv>
                        <Unicode>exb</Unicode>
                    </TextEquiv>
                </Word>
                <Word id="r2l26_w3" custom="readingOrder {index:2;}">
                    <Coords points="681,1521 681,1581 720,1581 720,1521"/>
                    <TextEquiv>
                        <Unicode>te</Unicode>
                    </TextEquiv>
                </Word>
                <Word id="r2l26_w4" custom="readingOrder {index:3;}">
                    <Coords points="759,1516 759,1576 856,1576 856,1516"/>
                    <TextEquiv>
                        <Unicode>video</Unicode>
                    </TextEquiv>
                </Word>
                <Word id="r2l26_w5" custom="readingOrder {index:4;}">
                    <Coords points="886,1514 886,1574 1021,1574 1021,1514"/>
                    <TextEquiv>
                        <Unicode>tampis</Unicode>
                    </TextEquiv>
                </Word>
                <Word id="r2l26_w6" custom="readingOrder {index:5;}">
                    <Coords points="1060,1514 1060,1574 1148,1574 1148,1514"/>
                    <TextEquiv>
                        <Unicode>hinc</Unicode>
                    </TextEquiv>
                </Word>
                <Word id="r2l26_w7" custom="readingOrder {index:6;}">
                    <Coords points="1195,1515 1195,1575 1273,1575 1273,1515"/>
                    <TextEquiv>
                        <Unicode>inde</Unicode>
                    </TextEquiv>
                </Word>
                <Word id="r2l26_w8" custom="readingOrder {index:7;}">
                    <Coords points="1303,1517 1303,1577 1429,1577 1429,1517"/>
                    <TextEquiv>
                        <Unicode>vegare</Unicode>
                    </TextEquiv>
                </Word>
                <TextEquiv>
                    <Unicode>Sępe ego te video campis hinc inde vagari</Unicode>
                </TextEquiv>
            </TextLine>
            <TextLine id="r2l27" custom="readingOrder {index:23;}">
                <Coords points="528,1655 564,1651 610,1676 648,1647 723,1641 748,1620 772,1635 803,1621 820,1635 883,1622 931,1651 973,1622 1028,1622 1080,1657 1123,1635 1191,1662 1213,1644 1270,1645 1269,1595 1202,1585 1159,1597 1108,1560 1052,1567 1009,1597 944,1597 907,1571 870,1569 826,1594 784,1579 737,1604 667,1596 565,1621 527,1604 528,1655"/>
                <Baseline points="535,1642 571,1637 607,1631 644,1627 680,1624 717,1621 753,1619 789,1617 826,1616 862,1615 899,1615 935,1615 971,1615 1008,1616 1044,1617 1081,1617 1117,1618 1153,1619 1190,1619 1226,1620 1263,1620"/>
                <Word id="r2l27_w1" custom="readingOrder {index:0;}">
                    <Coords points="533,1591 533,1651 670,1651 670,1591"/>
                    <TextEquiv>
                        <Unicode>Sepus</Unicode>
                    </TextEquiv>
                </Word>
                <Word id="r2l27_w2" custom="readingOrder {index:1;}">
                    <Coords points="696,1581 696,1641 730,1641 730,1581"/>
                    <TextEquiv>
                        <Unicode>in</Unicode>
                    </TextEquiv>
                </Word>
                <Word id="r2l27_w3" custom="readingOrder {index:2;}">
                    <Coords points="765,1576 765,1636 885,1636 885,1576"/>
                    <TextEquiv>
                        <Unicode>vividi</Unicode>
                    </TextEquiv>
                </Word>
                <Word id="r2l27_w4" custom="readingOrder {index:3;}">
                    <Coords points="928,1576 928,1636 1142,1636 1142,1576"/>
                    <TextEquiv>
                        <Unicode>procumisse</Unicode>
                    </TextEquiv>
                </Word>
                <Word id="r2l27_w5" custom="readingOrder {index:4;}">
                    <Coords points="1168,1579 1168,1639 1262,1639 1262,1579"/>
                    <TextEquiv>
                        <Unicode>thoro</Unicode>
                    </TextEquiv>
                </Word>
                <TextEquiv>
                    <Unicode>Sępius in viridi procubuisse thoro.</Unicode>
                </TextEquiv>
            </TextLine>
            <TextLine id="r2l28" custom="readingOrder {index:24;}">
                <Coords points="495,1712 553,1717 620,1690 691,1700 714,1685 730,1698 771,1692 816,1729 893,1684 942,1698 992,1686 1112,1697 1149,1676 1166,1690 1205,1683 1221,1695 1240,1683 1276,1699 1307,1682 1345,1697 1380,1682 1451,1735 1499,1704 1539,1716 1576,1693 1576,1641 1518,1620 1411,1659 1386,1642 1341,1652 1299,1622 1213,1660 1163,1645 1092,1664 1037,1636 963,1657 872,1652 828,1630 788,1658 750,1650 728,1664 676,1643 647,1670 606,1674 494,1627 495,1712"/>
                <Baseline points="502,1697 555,1692 608,1689 662,1685 715,1683 768,1681 822,1679 875,1679 928,1678 982,1678 1035,1678 1088,1678 1142,1679 1195,1679 1248,1680 1302,1681 1355,1681 1408,1682 1462,1682 1515,1682 1569,1682"/>
                <Word id="r2l28_w1" custom="readingOrder {index:0;}">
                    <Coords points="507,1651 507,1711 619,1711 619,1651"/>
                    <TextEquiv>
                        <Unicode>Quin</Unicode>
                    </TextEquiv>
                </Word>
                <Word id="r2l28_w2" custom="readingOrder {index:1;}">
                    <Coords points="659,1643 659,1703 747,1703 747,1643"/>
                    <TextEquiv>
                        <Unicode>etiam</Unicode>
                    </TextEquiv>
                </Word>
                <Word id="r2l28_w3" custom="readingOrder {index:2;}">
                    <Coords points="802,1639 802,1699 922,1699 922,1639"/>
                    <TextEquiv>
                        <Unicode>ploras</Unicode>
                    </TextEquiv>
                </Word>
                <Word id="r2l28_w4" custom="readingOrder {index:3;}">
                    <Coords points="962,1638 962,1698 1042,1698 1042,1638"/>
                    <TextEquiv>
                        <Unicode>nisi</Unicode>
                    </TextEquiv>
                </Word>
                <Word id="r2l28_w5" custom="readingOrder {index:4;}">
                    <Coords points="1074,1638 1074,1698 1129,1698 1129,1638"/>
                    <TextEquiv>
                        <Unicode>me</Unicode>
                    </TextEquiv>
                </Word>
                <Word id="r2l28_w6" custom="readingOrder {index:5;}">
                    <Coords points="1170,1639 1170,1699 1249,1699 1249,1639"/>
                    <TextEquiv>
                        <Unicode>mea</Unicode>
                    </TextEquiv>
                </Word>
                <Word id="r2l28_w7" custom="readingOrder {index:6;}">
                    <Coords points="1282,1641 1282,1701 1425,1701 1425,1641"/>
                    <TextEquiv>
                        <Unicode>limuina</Unicode>
                    </TextEquiv>
                </Word>
                <Word id="r2l28_w8" custom="readingOrder {index:7;}">
                    <Coords points="1465,1642 1465,1702 1569,1702 1569,1642"/>
                    <TextEquiv>
                        <Unicode>fallut</Unicode>
                    </TextEquiv>
                </Word>
                <TextEquiv>
                    <Unicode>Quin etiam ploras, nisi me mea lumina fallunt</Unicode>
                </TextEquiv>
            </TextLine>
            <TextLine id="r2l29" custom="readingOrder {index:25;}">
                <Coords points="525,1771 572,1778 678,1752 716,1764 766,1747 804,1780 861,1789 930,1744 974,1739 1001,1756 1129,1744 1183,1778 1238,1784 1443,1749 1443,1722 1329,1690 1312,1708 1268,1711 1226,1691 1193,1714 1092,1724 1002,1686 942,1698 895,1683 850,1716 794,1723 625,1733 599,1711 544,1712 524,1723 525,1771"/>
                <Baseline points="532,1752 577,1749 622,1747 667,1745 713,1743 758,1742 803,1741 848,1740 894,1740 939,1739 984,1739 1029,1739 1075,1739 1120,1739 1165,1739 1210,1739 1256,1740 1301,1740 1346,1740 1391,1740 1437,1740"/>
                <Word id="r2l29_w1" custom="readingOrder {index:0;}">
                    <Coords points="539,1709 539,1769 606,1769 606,1709"/>
                    <TextEquiv>
                        <Unicode>Et</Unicode>
                    </TextEquiv>
                </Word>
                <Word id="r2l29_w2" custom="readingOrder {index:1;}">
                    <Coords points="632,1705 632,1765 691,1765 691,1705"/>
                    <TextEquiv>
                        <Unicode>mo</Unicode>
                    </TextEquiv>
                </Word>
                <Word id="r2l29_w3" custom="readingOrder {index:2;}">
                    <Coords points="724,1702 724,1762 758,1762 758,1702"/>
                    <TextEquiv>
                        <Unicode>in</Unicode>
                    </TextEquiv>
                </Word>
                <Word id="r2l29_w4" custom="readingOrder {index:3;}">
                    <Coords points="792,1700 792,1760 860,1760 860,1700"/>
                    <TextEquiv>
                        <Unicode>oppo</Unicode>
                    </TextEquiv>
                </Word>
                <Word id="r2l29_w5" custom="readingOrder {index:4;}">
                    <Coords points="877,1699 877,1759 945,1759 945,1699"/>
                    <TextEquiv>
                        <Unicode>sita</Unicode>
                    </TextEquiv>
                </Word>
                <Word id="r2l29_w6" custom="readingOrder {index:5;}">
                    <Coords points="987,1699 987,1759 1139,1759 1139,1699"/>
                    <TextEquiv>
                        <Unicode>lmmuna</Unicode>
                    </TextEquiv>
                </Word>
                <Word id="r2l29_w7" custom="readingOrder {index:6;}">
                    <Coords points="1189,1699 1189,1759 1274,1759 1274,1699"/>
                    <TextEquiv>
                        <Unicode>figis</Unicode>
                    </TextEquiv>
                </Word>
                <Word id="r2l29_w8" custom="readingOrder {index:7;}">
                    <Coords points="1308,1700 1308,1760 1443,1760 1443,1700"/>
                    <TextEquiv>
                        <Unicode>humo.</Unicode>
                    </TextEquiv>
                </Word>
                <TextEquiv>
                    <Unicode>Et modo in opposita lumina figis humo.</Unicode>
                </TextEquiv>
            </TextLine>
            <TextLine id="r2l30" custom="readingOrder {index:26;}">
                <Coords points="475,1851 571,1835 584,1821 621,1835 658,1812 726,1844 846,1803 886,1817 1037,1795 1092,1817 1164,1807 1192,1827 1228,1802 1359,1812 1382,1795 1409,1799 1409,1771 1342,1763 1297,1782 1191,1783 1107,1763 1002,1782 949,1750 922,1750 877,1783 837,1773 816,1785 770,1755 709,1776 633,1755 552,1790 474,1747 475,1851"/>
                <Baseline points="482,1821 528,1817 574,1815 620,1811 666,1809 712,1807 758,1805 804,1804 850,1803 896,1801 942,1801 988,1800 1034,1800 1080,1799 1126,1799 1172,1799 1218,1799 1264,1800 1310,1800 1356,1801 1403,1802"/>
                <Word id="r2l30_w1" custom="readingOrder {index:0;}">
                    <Coords points="496,1776 496,1836 563,1836 563,1776"/>
                    <TextEquiv>
                        <Unicode>Et</Unicode>
                    </TextEquiv>
                </Word>
                <Word id="r2l30_w2" custom="readingOrder {index:1;}">
                    <Coords points="602,1770 602,1830 656,1830 656,1770"/>
                    <TextEquiv>
                        <Unicode>mo</Unicode>
                    </TextEquiv>
                </Word>
                <Word id="r2l30_w3" custom="readingOrder {index:2;}">
                    <Coords points="695,1764 695,1824 828,1824 828,1764"/>
                    <TextEquiv>
                        <Unicode>refuxa</Unicode>
                    </TextEquiv>
                </Word>
                <Word id="r2l30_w4" custom="readingOrder {index:3;}">
                    <Coords points="881,1761 881,1821 1001,1821 1001,1761"/>
                    <TextEquiv>
                        <Unicode>calum</Unicode>
                    </TextEquiv>
                </Word>
                <Word id="r2l30_w5" custom="readingOrder {index:4;}">
                    <Coords points="1066,1759 1066,1819 1212,1819 1212,1759"/>
                    <TextEquiv>
                        <Unicode>renure</Unicode>
                    </TextEquiv>
                </Word>
                <Word id="r2l30_w6" custom="readingOrder {index:5;}">
                    <Coords points="1253,1760 1253,1820 1372,1820 1372,1760"/>
                    <TextEquiv>
                        <Unicode>tueris</Unicode>
                    </TextEquiv>
                </Word>
                <TextEquiv>
                    <Unicode>Et modo reflexa coelum cervice tueris,</Unicode>
                </TextEquiv>
            </TextLine>
            <TextLine id="r2l31" custom="readingOrder {index:27;}">
                <Coords points="530,1904 743,1864 763,1875 796,1866 818,1882 874,1862 950,1876 995,1859 1022,1879 1053,1865 1112,1875 1130,1860 1197,1880 1242,1868 1263,1882 1317,1860 1448,1874 1472,1869 1471,1828 1401,1821 1334,1842 1304,1814 1280,1823 1233,1805 1190,1840 1147,1840 1125,1819 1070,1839 1028,1809 1016,1819 977,1803 915,1827 859,1804 813,1847 785,1833 757,1847 693,1845 651,1822 608,1845 529,1836 530,1904"/>
                <Baseline points="536,1883 582,1877 628,1873 675,1869 721,1866 768,1864 814,1862 861,1860 907,1860 954,1859 1000,1859 1046,1859 1093,1859 1139,1859 1186,1860 1232,1860 1279,1860 1325,1861 1372,1861 1418,1861 1465,1860"/>
                <Word id="r2l31_w1" custom="readingOrder {index:0;}">
                    <Coords points="539,1839 539,1899 594,1899 594,1839"/>
                    <TextEquiv>
                        <Unicode>Et</Unicode>
                    </TextEquiv>
                </Word>
                <Word id="r2l31_w2" custom="readingOrder {index:1;}">
                    <Coords points="623,1829 623,1889 727,1889 727,1829"/>
                    <TextEquiv>
                        <Unicode>dant</Unicode>
                    </TextEquiv>
                </Word>
                <Word id="r2l31_w3" custom="readingOrder {index:2;}">
                    <Coords points="777,1820 777,1880 965,1880 965,1820"/>
                    <TextEquiv>
                        <Unicode>ambionas</Unicode>
                    </TextEquiv>
                </Word>
                <Word id="r2l31_w4" custom="readingOrder {index:3;}">
                    <Coords points="1014,1819 1014,1879 1153,1879 1153,1819"/>
                    <TextEquiv>
                        <Unicode>brachia</Unicode>
                    </TextEquiv>
                </Word>
                <Word id="r2l31_w5" custom="readingOrder {index:4;}">
                    <Coords points="1195,1820 1195,1880 1299,1880 1299,1820"/>
                    <TextEquiv>
                        <Unicode>iacta</Unicode>
                    </TextEquiv>
                </Word>
                <Word id="r2l31_w6" custom="readingOrder {index:5;}">
                    <Coords points="1342,1821 1342,1881 1482,1881 1482,1821"/>
                    <TextEquiv>
                        <Unicode>notas.</Unicode>
                    </TextEquiv>
                </Word>
                <TextEquiv>
                    <Unicode>Et dant ambiguas brachia iacta notas.</Unicode>
                </TextEquiv>
            </TextLine>
            <TextLine id="r2l32" custom="readingOrder {index:28;}">
                <Coords points="475,1969 512,1958 553,1972 594,1939 657,1978 682,1961 742,1974 796,1963 828,1932 882,1940 912,1920 937,1937 1031,1923 1068,1948 1175,1928 1250,1940 1295,1917 1318,1933 1436,1932 1452,1925 1451,1898 1336,1901 1303,1880 1266,1901 1199,1884 1175,1900 1131,1861 1050,1891 931,1872 892,1897 862,1877 809,1891 737,1865 661,1909 621,1900 605,1915 474,1891 475,1969"/>
                <Baseline points="482,1954 530,1946 578,1940 626,1935 674,1931 722,1928 770,1926 819,1924 867,1923 915,1922 963,1922 1011,1922 1059,1922 1107,1922 1156,1923 1204,1923 1252,1923 1300,1923 1348,1923 1396,1922 1445,1920"/>
                <Word id="r2l32_w1" custom="readingOrder {index:0;}">
                    <Coords points="483,1905 483,1965 580,1965 580,1905"/>
                    <TextEquiv>
                        <Unicode>Sexe</Unicode>
                    </TextEquiv>
                </Word>
                <Word id="r2l32_w2" custom="readingOrder {index:1;}">
                    <Coords points="608,1894 608,1954 667,1954 667,1894"/>
                    <TextEquiv>
                        <Unicode>exo</Unicode>
                    </TextEquiv>
                </Word>
                <Word id="r2l32_w3" custom="readingOrder {index:2;}">
                    <Coords points="696,1888 696,1948 744,1948 744,1888"/>
                    <TextEquiv>
                        <Unicode>de</Unicode>
                    </TextEquiv>
                </Word>
                <Word id="r2l32_w4" custom="readingOrder {index:3;}">
                    <Coords points="773,1883 773,1943 880,1943 880,1883"/>
                    <TextEquiv>
                        <Unicode>suma</Unicode>
                    </TextEquiv>
                </Word>
                <Word id="r2l32_w5" custom="readingOrder {index:4;}">
                    <Coords points="918,1882 918,1942 1025,1942 1025,1882"/>
                    <TextEquiv>
                        <Unicode>volii</Unicode>
                    </TextEquiv>
                </Word>
                <Word id="r2l32_w6" custom="readingOrder {index:5;}">
                    <Coords points="1053,1882 1053,1942 1150,1942 1150,1882"/>
                    <TextEquiv>
                        <Unicode>Ade</Unicode>
                    </TextEquiv>
                </Word>
                <Word id="r2l32_w7" custom="readingOrder {index:6;}">
                    <Coords points="1190,1883 1190,1943 1287,1943 1287,1883"/>
                    <TextEquiv>
                        <Unicode>turre</Unicode>
                    </TextEquiv>
                </Word>
                <Word id="r2l32_w8" custom="readingOrder {index:7;}">
                    <Coords points="1316,1882 1316,1942 1441,1942 1441,1882"/>
                    <TextEquiv>
                        <Unicode>vorare</Unicode>
                    </TextEquiv>
                </Word>
                <TextEquiv>
                    <Unicode>Sępe ego te summa volui de turre vocare</Unicode>
                </TextEquiv>
            </TextLine>
            <TextLine id="r2l33" custom="readingOrder {index:29;}">
                <Coords points="546,2027 590,2010 653,2024 700,2003 743,2028 862,1986 967,2005 997,1989 1131,1990 1189,2024 1235,1987 1259,2001 1300,1994 1299,1960 1224,1938 1192,1948 1156,1930 1066,1960 1008,1939 927,1966 896,1947 863,1964 847,1953 815,1963 770,1931 752,1950 656,1978 589,1956 560,1964 545,1971 546,2027"/>
                <Baseline points="552,2005 589,2001 626,1997 663,1993 700,1990 737,1989 774,1987 811,1986 848,1985 885,1984 922,1984 959,1984 996,1984 1033,1984 1070,1984 1107,1984 1144,1983 1181,1983 1218,1983 1255,1982 1293,1981"/>
                <Word id="r2l33_w1" custom="readingOrder {index:0;}">
                    <Coords points="551,1958 551,2018 674,2018 674,1958"/>
                    <TextEquiv>
                        <Unicode>Anxia</Unicode>
                    </TextEquiv>
                </Word>
                <Word id="r2l33_w2" custom="readingOrder {index:1;}">
                    <Coords points="716,1948 716,2008 765,2008 765,1948"/>
                    <TextEquiv>
                        <Unicode>que</Unicode>
                    </TextEquiv>
                </Word>
                <Word id="r2l33_w3" custom="readingOrder {index:2;}">
                    <Coords points="789,1945 789,2005 905,2005 905,1945"/>
                    <TextEquiv>
                        <Unicode>vetrit</Unicode>
                    </TextEquiv>
                </Word>
                <Word id="r2l33_w4" custom="readingOrder {index:3;}">
                    <Coords points="954,1944 954,2004 1153,2004 1153,1944"/>
                    <TextEquiv>
                        <Unicode>sollicitudo</Unicode>
                    </TextEquiv>
                </Word>
                <Word id="r2l33_w5" custom="readingOrder {index:4;}">
                    <Coords points="1202,1941 1202,2001 1310,2001 1310,1941"/>
                    <TextEquiv>
                        <Unicode>fuit.</Unicode>
                    </TextEquiv>
                </Word>
                <TextEquiv>
                    <Unicode>Anxia quae vetuit sollicitudo fuit.</Unicode>
                </TextEquiv>
            </TextLine>
            <TextLine id="r2l34" custom="readingOrder {index:30;}">
                <Coords points="473,2089 574,2064 725,2057 821,2098 869,2058 922,2099 1008,2059 1083,2059 1106,2043 1121,2056 1275,2051 1344,2090 1384,2051 1410,2051 1408,1983 1379,1982 1300,2024 1271,2011 1220,2026 1166,2022 1132,1991 960,2008 834,1988 744,2028 676,2036 629,2011 551,2029 518,2003 482,2002 471,2006 473,2089"/>
                <Baseline points="479,2068 525,2064 571,2059 617,2056 663,2053 710,2050 756,2048 802,2047 848,2046 894,2045 941,2044 987,2044 1033,2044 1079,2043 1125,2043 1172,2043 1218,2042 1264,2042 1310,2041 1356,2040 1403,2039"/>
                <Word id="r2l34_w1" custom="readingOrder {index:0;}">
                    <Coords points="480,2024 480,2084 557,2084 557,2024"/>
                    <TextEquiv>
                        <Unicode>Sie</Unicode>
                    </TextEquiv>
                </Word>
                <Word id="r2l34_w2" custom="readingOrder {index:1;}">
                    <Coords points="586,2016 586,2076 644,2076 644,2016"/>
                    <TextEquiv>
                        <Unicode>vi</Unicode>
                    </TextEquiv>
                </Word>
                <Word id="r2l34_w3" custom="readingOrder {index:2;}">
                    <Coords points="673,2007 673,2067 857,2067 857,2007"/>
                    <TextEquiv>
                        <Unicode>nequique</Unicode>
                    </TextEquiv>
                </Word>
                <Word id="r2l34_w4" custom="readingOrder {index:3;}">
                    <Coords points="867,2005 867,2065 886,2065 886,2005"/>
                    <TextEquiv>
                        <Unicode>s</Unicode>
                    </TextEquiv>
                </Word>
                <Word id="r2l34_w5" custom="readingOrder {index:4;}">
                    <Coords points="906,2004 906,2064 1090,2064 1090,2004"/>
                    <TextEquiv>
                        <Unicode>pectando</Unicode>
                    </TextEquiv>
                </Word>
                <Word id="r2l34_w6" custom="readingOrder {index:5;}">
                    <Coords points="1119,2002 1119,2062 1274,2062 1274,2002"/>
                    <TextEquiv>
                        <Unicode>limnna</Unicode>
                    </TextEquiv>
                </Word>
                <Word id="r2l34_w7" custom="readingOrder {index:6;}">
                    <Coords points="1322,1999 1322,2059 1399,2059 1399,1999"/>
                    <TextEquiv>
                        <Unicode>passo</Unicode>
                    </TextEquiv>
                </Word>
                <TextEquiv>
                    <Unicode>Sic ubi nequiquam spectando lumina pasco</Unicode>
                </TextEquiv>
            </TextLine>
            <TextLine id="r2l35" custom="readingOrder {index:31;}">
                <Coords points="526,2147 554,2139 582,2155 653,2131 789,2116 830,2116 868,2139 963,2132 1012,2155 1107,2114 1172,2123 1195,2112 1246,2131 1316,2115 1383,2133 1460,2122 1460,2088 1386,2078 1322,2091 1222,2053 1139,2064 1108,2045 1007,2062 931,2095 864,2060 819,2093 769,2075 742,2090 648,2084 630,2096 586,2070 525,2091 526,2147"/>
                <Baseline points="533,2134 579,2128 625,2123 671,2119 717,2117 763,2114 809,2112 855,2111 901,2109 947,2109 993,2109 1039,2109 1085,2109 1131,2109 1177,2109 1223,2110 1269,2110 1315,2110 1361,2111 1407,2110 1453,2110"/>
                <Word id="r2l35_w1" custom="readingOrder {index:0;}">
                    <Coords points="537,2088 537,2148 621,2148 621,2088"/>
                    <TextEquiv>
                        <Unicode>Nex</Unicode>
                    </TextEquiv>
                </Word>
                <Word id="r2l35_w2" custom="readingOrder {index:1;}">
                    <Coords points="667,2076 667,2136 797,2136 797,2076"/>
                    <TextEquiv>
                        <Unicode>mator</Unicode>
                    </TextEquiv>
                </Word>
                <Word id="r2l35_w3" custom="readingOrder {index:2;}">
                    <Coords points="835,2069 835,2129 965,2129 965,2069"/>
                    <TextEquiv>
                        <Unicode>luctus</Unicode>
                    </TextEquiv>
                </Word>
                <Word id="r2l35_w4" custom="readingOrder {index:3;}">
                    <Coords points="1003,2069 1003,2129 1141,2129 1141,2069"/>
                    <TextEquiv>
                        <Unicode>postora</Unicode>
                    </TextEquiv>
                </Word>
                <Word id="r2l35_w5" custom="readingOrder {index:4;}">
                    <Coords points="1179,2069 1179,2129 1255,2129 1255,2069"/>
                    <TextEquiv>
                        <Unicode>nea</Unicode>
                    </TextEquiv>
                </Word>
                <Word id="r2l35_w6" custom="readingOrder {index:5;}">
                    <Coords points="1301,2070 1301,2130 1423,2130 1423,2070"/>
                    <TextEquiv>
                        <Unicode>monet</Unicode>
                    </TextEquiv>
                </Word>
                <TextEquiv>
                    <Unicode>Mox maior luctus pectora nostra movet.</Unicode>
                </TextEquiv>
            </TextLine>
            <TextEquiv>
                <Unicode>Si te nec sexus nec tangunt foedera lecti
Pollicitis saltem commoveare Dei.
Illa ego ( si nescis ) sum quae proprio ore tonantis
Promissi nati debita mater ero.
Ne dubita, repetas, Dominus tua vota iuvabit
Tu modo fac constans, in tua iura rue.
Fac, mora ne nimium longa hęc me perdat amantem,
Hęc mora, ni properes, hei, nocitura mihi est.
Hactenus incolumis maneo nec lęsa pudore,
Fac modo, ne noceat tam mora lenta mihi.
Ipsa dies totos perago suspiria ducens,
Et lachrymis gemitus misceo maesta meis.
Ast ubi sol radios abscondit nocte cadentes
Anxietas maior curaque maior adest.
Tunc sedeo voces observans auribus omnes
Atque omnem regis suspicor esse sonum.
Iam hunc ad thalami metuo conscendere limen
Barbarum, et ad nostras iam reor ire fores.
Ast ubi transegi tacitę sic tempora noctis
Et roseae aurorę nuntia stella venit.
Protinus e summa specto tua tecta fenestra
Et quo non corpus, mens tamen ire petit.
Sępe ego te video campis hinc inde vagari
Sępius in viridi procubuisse thoro.
Quin etiam ploras, nisi me mea lumina fallunt
Et modo in opposita lumina figis humo.
Et modo reflexa coelum cervice tueris,
Et dant ambiguas brachia iacta notas.
Sępe ego te summa volui de turre vocare
Anxia quae vetuit sollicitudo fuit.
Sic ubi nequiquam spectando lumina pasco
Mox maior luctus pectora nostra movet.</Unicode>
            </TextEquiv>
        </TextRegion>
    </Page>
</PcGts>
