2000 2581
881 147 890 207 M
964 148 982 208 1
1019 149 1037 209 C
1083 150 1129 210 41
1156 150 1166 210 §
1220 149 1230 209 2

431 205 564 265 Qui
592 205 686 265 modo
724 206 791 266 cum
847 208 979 268 iaceat
1036 211 1178 271 nostri
1215 212 1414 272 fubuersor
1442 208 1574 268 amoris

515 285 674 345 Qauis
724 284 899 344 prohribet
949 285 1058 345 solito
1108 287 1250 347 vursus
1284 288 1425 348 amore
1468 288 1576 348 feiu¬

417 371 522 431 psa
559 362 711 422 quidem
770 361 923 421 poteram
993 362 1063 422 vix
1123 366 1205 426 vegi
1241 369 1358 429 digna
1418 372 1558 432 videri

544 441 663 501 Qut
706 438 775 498 sum
827 438 869 498 de
912 439 998 499 regis
1049 443 1170 503 impta
1221 449 1409 509 rewacta
1453 457 1563 517 Hhovo

438 527 594 587 Quid
646 520 678 580 in
719 517 793 577 hic
824 516 949 576 merui
990 518 1084 578 quae
1115 520 1156 580 per
1178 522 1209 582 te
1251 527 1324 587 sola
1365 536 1511 596 relicta

542 595 703 655 Impium
784 591 905 651 patris
965 593 1076 653 ferre
1117 598 1268 658 racta
1319 604 1408 664 fui¬

469 681 615 741 Quod
656 676 802 736 poterat
869 674 989 734 solum
1041 675 1135 735 semq
1189 678 1269 738 men
1309 686 1455 746 linena
1496 701 1655 761 neganit

515 763 569 823 Se
614 758 704 818 iae
741 756 785 816 ad
839 756 947 816 vires
1001 760 1100 820 quid
1154 766 1325 826 potuere
1371 775 1515 835 manus

445 837 572 897 Saepe
606 831 733 891 patris
788 832 916 892 pribus
970 839 1237 899 lartrymisu
1303 848 1345 908 per
1356 850 1420 910 ora
1464 853 1602 913 prefusis

527 915 626 975 Sepe
661 911 771 971 meae
806 912 905 972 petij
929 916 1085 976 noesta
1151 924 1296 984 pentis
1329 929 1463 989 opem.

452 986 617 1046 Quid
679 989 834 1049 faceret
896 994 1051 1054 mater
1092 1001 1237 1061 nostra
1299 1008 1371 1068 liqu
1402 1014 1485 1074 illa
1536 1023 1681 1083 doleret

530 1067 858 1127 Coninorum,
888 1070 909 1130 e
968 1074 1087 1134 ferre
1138 1082 1288 1142 durior
1327 1089 1417 1149 ipse
1456 1094 1516 1154 pat

486 1151 549 1211 pre
585 1146 698 1206 etiam
760 1146 922 1206 nosti,
960 1151 1135 1211 niuque
1160 1160 1309 1220 expeus
1359 1171 1522 1231 inque
1547 1176 1596 1236 es

544 1226 680 1286 Quam
735 1224 798 1284 sua
854 1228 1026 1288 comorit
1091 1239 1245 1299 pertora
1300 1250 1391 1310 dura
1464 1262 1600 1322 furor.

464 1308 554 1368 Tum
621 1305 755 1365 quoque
779 1307 1004 1367 foeminea
1059 1321 1251 1381 nequirqui
1284 1333 1375 1393 vore
1419 1347 1633 1407 querentem

512 1389 662 1449 Sepius
698 1387 813 1447 irata
875 1391 1043 1451 reppulit
1097 1397 1169 1457 ille
1212 1404 1363 1464 manu.

451 1481 560 1541 Sexe
600 1472 759 1532 parens
809 1473 958 1533 voluit
1007 1481 1107 1541 xobis
1146 1491 1345 1551 pellaribus
1385 1503 1484 1563 illum

519 1548 729 1608 Trangere
790 1550 860 1610 vel
904 1554 1044 1614 pribus
1096 1570 1404 1630 blanditiisue
1438 1588 1543 1648 sus.

456 1635 541 1695 Ie
579 1629 628 1689 sed
678 1627 814 1687 iratus
863 1632 1111 1692 Juritundo
1147 1643 1184 1703 in
1222 1654 1394 1714 pestore
1445 1674 1605 1734 frendit

535 1714 599 1774 Vt
643 1712 729 1772 solet
784 1711 978 1771 igninomo
1031 1718 1151 1778 dente
1193 1732 1410 1792 timendus
1442 1746 1561 1806 aper:

469 1794 630 1854 Reqit
673 1792 878 1852 imeritam
931 1799 1050 1859 parit
1136 1812 1309 1872 inssisque
1331 1825 1513 1885 minisque

507 1869 569 1929 Et
612 1867 735 1927 vetat
779 1870 849 1930 huc
902 1878 998 1938 tates
1052 1888 1139 1948 posse
1192 1900 1315 1960 redire
1359 1911 1473 1971 pres.

464 1956 609 2016 sarqo
650 1951 835 2011 paratus
874 1957 1005 2017 adest
1059 1970 1203 2030 pompa
1231 1988 1455 2048 romitante
1495 2008 1681 2068 maritus

503 2050 646 2110 Judist
679 2040 779 2100 regis
845 2041 923 2101 qui
956 2048 1077 2108 cupit
1144 2060 1222 2120 esse
1265 2069 1419 2129 gener.

469 2140 541 2200 am
602 2127 749 2187 magte
785 2125 994 2185 volitant
1042 2136 1237 2196 priurtae
1274 2151 1507 2211 Campades
1543 2159 1640 2219 auro
