2000 2581
421 166 462 226 Si
492 163 585 223 forte
605 158 668 218 his
698 154 801 214 possit
832 150 894 210 nos
935 146 1090 206 raquisse
1120 140 1264 200 malis.

339 240 576 300 Dixerat:
601 231 650 291 &amp
684 227 798 287 manem
855 222 1061 282 fluitantem
1109 221 1249 281 xoberat
1282 225 1388 285 vnda

429 314 593 374 Territus
635 305 643 365 e
683 300 815 360 semmo
857 295 1005 355 torpida
1047 295 1211 355 membra
1243 299 1351 359 lenat

351 397 416 457 Et
459 385 535 445 cito
567 379 610 439 se
631 372 772 432 causam
826 368 933 428 tanti
965 367 1084 427 videt
1128 367 1191 427 esse
1224 368 1344 428 pieli¬

417 456 641 516 Homnante
683 445 743 505 iac
764 443 814 503 tis
846 442 999 502 sortibus
1050 442 1142 502 inde
1172 442 1346 502 probant

332 533 508 593 Toribus
550 522 617 582 huc
651 517 794 577 tandem
843 515 903 575 non
944 515 1062 575 vanis
1095 516 1163 576 ora
1204 519 1398 579 resoluens

415 604 466 664 Ad
500 595 653 655 tumidos
696 590 825 650 reddit
875 590 970 650 talia
1003 591 1071 651 xoba
1115 594 1250 654 viros.

351 674 456 734 Nen
477 672 549 732 opus
581 669 633 729 est
664 666 801 726 pauido
832 662 1041 722 sunrumtere
1072 663 1177 723 corda
1218 670 1344 730 timore
1489 668 1600 728 Jonias
1631 665 1661 725 ad
1701 658 1793 718 man¬
1545 722 1627 782 Fas.

429 752 592 812 Imeritos
625 745 732 805 quiam
781 739 871 799 nulla
911 735 993 795 picla
1027 734 1166 794 manent

350 835 435 895 Me
463 827 585 887 propter
623 818 783 878 tumidis
811 812 989 872 laceratur
1017 810 1111 870 prora
1149 810 1205 870 sub
1234 813 1346 873 vndis

420 907 498 967 Me
523 899 643 959 propter
677 893 788 953 venti
823 889 899 949 palia
943 887 1019 947 soua
1054 885 1191 945 monent

388 984 552 1044 Nanqi
572 977 623 1037 exo
684 971 756 1031 quo
787 967 910 1027 vetuit
951 963 1053 1023 Dnus
1084 963 1145 1023 sum
1197 965 1309 1025 vestra
1351 974 1473 1034 secutus

423 1062 583 1122 Vola,
621 1052 697 1112 Dei
720 1046 826 1106 nunc
865 1041 926 1101 me
963 1040 1086 1100 deptia
1131 1041 1275 1101 morate
1306 1046 1435 1106 atiox.

372 1135 383 1195 E
467 1127 584 1187 velati
616 1118 765 1178 profigus
808 1113 957 1173 Dorum
1010 1112 1073 1172 pria
1116 1114 1232 1174 castra
1265 1121 1392 1181 reliqui

410 1207 549 1267 Nune
590 1197 750 1257 meritas
791 1192 903 1252 voeuas
965 1191 1048 1251 fata
1090 1192 1201 1252 subire
1242 1197 1354 1257 inbent

368 1281 456 1341 Hei
476 1274 594 1334 miscri
624 1270 663 1330 de
703 1266 762 1326 me
791 1263 950 1323 diminis
988 1262 1147 1322 legibus
1186 1266 1255 1326 vti

421 1352 609 1412 Discite,
632 1341 719 1401 num
765 1335 836 1395 mea
883 1332 938 1392 vos
969 1330 1048 1390 tris
1071 1329 1118 1389 tia
1158 1329 1229 1389 fata
1267 1330 1393 1390 inuent

361 1428 524 1488 Qujcite
552 1419 743 1479 iniustum
830 1406 973 1466 vasamo
1002 1401 1164 1461 mergite
1203 1400 1308 1460 ponto

444 1500 522 1560 Cum
574 1490 739 1550 Stabunt
808 1479 1017 1539 fluctus,
1035 1474 1130 1534 tumc
1156 1473 1251 1533 cadet
1286 1474 1346 1534 ira
1390 1480 1503 1540 maris

363 1574 576 1634 Dixerat,
606 1564 654 1624 hi
673 1558 800 1618 pauido
848 1553 1004 1613 concussi
1042 1552 1217 1612 membra
1266 1558 1430 1618 tremore

412 1650 607 1710 Mirante
649 1636 785 1696 sancti
819 1628 939 1688 fortia
980 1626 1057 1686 xta
1091 1628 1201 1688 viri¬

371 1731 529 1791 Tristia
582 1717 669 1777 quod
714 1708 863 1768 tantum
925 1703 978 1763 sit
1021 1701 1110 1761 fata
1154 1702 1277 1762 subire
1304 1709 1488 1769 paratus.

441 1803 558 1863 ttei
587 1795 685 1855 mihi
714 1790 791 1850 quis
822 1786 929 1846 talem
978 1784 1066 1844 nunc
1095 1784 1222 1844 repisse
1251 1786 1417 1846 quiat)

377 1884 475 1944 Non
511 1875 618 1935 tamen
663 1867 823 1927 Qiussos
868 1862 1010 1922 (tanta
1046 1861 1100 1921 est
1135 1862 1314 1922 dementia
1359 1870 1493 1930 nantis

421 1953 492 2013 Dil
512 1946 650 2006 mare,
663 1941 735 2001 vel
775 1938 886 1998 vatis
939 1936 1031 1996 inssa
1070 1936 1214 1996 mouere
1247 1937 1385 1997 quent

376 2031 597 2091 Inumbunt
639 2022 767 2082 remis
810 2019 836 2079 &a
895 2015 1023 2075 ventis
1057 2014 1210 2074 carbasa
1244 2013 1364 2073 prebent

434 2111 679 2171 Lubricaque
701 2103 872 2163 assiduis
914 2099 946 2159 ic
967 2095 1074 2155 tibus
1116 2094 1223 2154 vnda
1255 2095 1372 2155 tremit
