2000 2581
243 174 331 234 Ast
363 169 426 229 hic
458 166 514 226 ren
554 163 666 223 daro
713 163 960 223 resplendes
1008 165 1152 225 athere
1183 166 1279 226 sudus

248 240 441 300 Enucat,
456 236 516 296 &amp;
539 233 643 293 diam
704 230 823 290 praefert
868 229 897 289 in
957 229 1144 289 corpore,
1159 233 1390 293 formam,

268 311 310 371 Os
339 302 574 362 linnerosque
603 295 667 355 deo
703 292 853 352 similis
903 291 1003 351 nam
1067 291 1266 351 puriamus
1296 292 1366 352 olli

264 372 457 432 Splendor
494 365 651 425 inest,
669 363 872 423 pulhroque
890 362 1029 422 mirat
1057 363 1121 423 sub
1149 364 1296 424 corpore
1324 369 1480 429 virtus,

264 438 400 498 Nunc
422 433 559 493 etenim
627 432 756 492 prima
801 432 952 492 rubias
990 433 1194 493 tannane
1232 437 1376 497 malas

262 508 456 568 Contegit
495 501 550 561 &amp;
573 498 713 558 prima
752 497 814 557 res
837 497 1009 557 plendet
1056 500 1118 560 ora
1165 507 1390 567 inuenta¬

260 580 363 640 Aque
383 570 476 630 oruli
504 564 655 624 blandi
684 562 881 622 fulgent,
900 565 1004 625 quois
1041 569 1220 629 plarima
1258 574 1352 634 lucet

265 648 472 708 Cratia,
491 638 575 698 tum
623 631 821 691 placidum
877 631 971 691 fert
1009 634 1198 694 blandum
1244 642 1366 702 lune
1395 650 1517 710 anire

262 712 398 772 Quid
434 699 578 759 referam
628 696 801 756 placidas
845 699 1032 759 venientes
1082 703 1133 763 per
1154 706 1240 766 tore
1276 707 1370 767 vores

283 766 428 826 Quas
455 759 635 819 landant
671 759 744 819 ein
780 760 816 820 ti
843 762 961 822 greres
1016 767 1078 827 dis
1114 771 1223 831 tibque
1241 775 1404 835 monent

265 829 464 889 Erantis
510 822 656 882 pueri,
679 821 756 881 nec
794 822 886 882 quis
933 826 1062 886 male
1109 834 1231 894 sanns
1278 847 1423 907 honore

261 887 442 947 tiuidet
493 882 734 942 insignem,
754 885 915 945 nurti
945 890 985 950 se
1026 897 1216 957 numere
1247 905 1407 965 dignum

269 952 505 1012 Affirmant
564 943 721 1003 tanto,
751 944 859 1004 inque
879 947 939 1007 auo
978 955 1164 1015 maiora
1214 968 1411 1028 prantur.

276 1020 377 1080 folix
414 1016 560 1076 nimium
610 1016 792 1076 inuenis,
807 1018 894 1078 nisi
931 1022 1055 1082 forma
1098 1029 1215 1089 decord

276 1085 424 1145 Cepisset
461 1083 710 1143 doninam,
738 1089 924 1149 divusque
942 1095 1155 1155 Capidinis
1183 1099 1304 1159 ipnis.

205 1163 221 1223 3
270 1158 393 1218 Iqbe
417 1157 458 1217 &amt
499 1157 654 1217 infaelix
704 1160 753 1220 quae
769 1161 802 1221 tn
844 1164 917 1224 non
958 1169 1081 1229 corda
1130 1173 1269 1233 Cupido

451 1194 511 1254 dum
576 1194 684 1254 rogrum
215 1230 423 1290 Electis
454 1230 462 1290 d
531 1231 700 1291 insum
770 1233 924 1293 5piras
978 1237 1102 1297 male
1132 1242 1240 1302 fidus
1279 1247 1409 1307 amore

210 1303 219 1363 3
263 1301 353 1361 Hei
390 1300 560 1360 quantos
604 1302 757 1362 multis
801 1305 909 1365 casus
963 1310 1205 1370 quantasque
1223 1312 1366 1372 ruinas

218 1372 237 1432 n
284 1371 494 1431 Mordisti
532 1373 694 1433 seuus,
712 1376 855 1436 releres
902 1380 988 1440 dum
1054 1384 1150 1444 sepe
1178 1384 1340 1444 sapittas

223 1442 425 1502 mittis
468 1441 628 1501 iniseris
677 1444 978 1504 irvitamenta
1019 1450 1159 1510 maloe

221 1516 322 1576 Et
374 1513 435 1573 mo
477 1510 650 1570 fortumu
701 1510 886 1570 inuenis
926 1511 977 1571 qubu
1019 1516 1233 1576 improbus
1263 1525 1416 1585 obstas.

200 1594 332 1654 Nam
386 1591 527 1651 mulier
563 1589 695 1649 forma
732 1587 927 1647 paestans,
935 1587 1041 1647 quam
1095 1590 1272 1650 Putipthar
1290 1596 1351 1656 olim

270 1670 459 1730 Dngerat
502 1667 528 1727 in
580 1664 795 1724 thalamas
846 1663 1036 1723 commus
1079 1666 1226 1726 foedere
1251 1672 1380 1732 lesti¬

278 1744 454 1804 Cumque
475 1738 541 1798 illa
574 1735 695 1795 foclis
728 1734 871 1794 plures
905 1735 1091 1795 exegerat
1134 1736 1267 1796 annos

282 1822 328 1882 Vt
364 1814 532 1874 inmenis
587 1808 716 1868 vidit
754 1806 911 1866 formam
967 1805 1087 1865 tetiquie
1106 1805 1281 1865 raboris

285 1887 436 1947 vultum
516 1883 566 1943 qu
597 1880 797 1940 placidum
857 1878 958 1938 semp
997 1879 1208 1939 spirabat
1238 1885 1378 1945 amore

273 1959 476 2019 Landat
529 1954 749 2014 formosam
820 1950 951 2010 faciem
1005 1949 1216 2009 plenanqus
1252 1957 1410 2017 pudoris

288 2035 409 2095 Quo
449 2029 540 2089 puer
581 2026 731 2086 offesus
771 2025 963 2085 tingebat
1004 2025 1145 2085 sepius
1185 2026 1295 2086 ora.

282 2108 420 2168 Nunc
464 2101 624 2161 habitus
645 2099 816 2159 spectat
858 2099 1040 2159 clavos,
1062 2101 1136 2161 nun
1201 2104 1318 2164 corpa
1351 2107 1478 2167 laudat

273 2176 478 2236 Mollia,
512 2169 708 2229 potarum
760 2168 956 2228 inuenili
990 2171 1015 2231 in
1057 2174 1177 2234 corpe
1202 2179 1271 2239 per
1297 2184 1356 2244 tus
