2000 2581
275 172 329 232 At
368 168 470 228 nune
509 167 524 227 o
557 167 697 227 fratres
744 168 831 228 mea
877 170 955 230 quid
1003 172 1065 232 ves
1096 173 1183 233 Xba
1221 170 1370 230 inuare

277 236 482 296 Possint,
513 235 566 295 dis
596 236 688 296 picite
725 237 901 297 extrortor
939 239 970 299 si
1000 238 1099 298 forte
1129 236 1274 296 laborem

283 303 422 363 Hunc
466 303 599 363 lemre
643 304 797 364 queant
841 305 870 365 et
922 306 1054 366 factis
1084 307 1186 367 ferre
1223 305 1399 365 salutem.

273 380 344 440 Em
398 372 577 432 tumicam
647 371 809 431 fratris
844 376 1085 436 laceram,
1102 379 1192 439 quae
1210 381 1406 441 sanguime
1424 377 1558 437 tingi¬

274 447 447 507 Quadeo
481 439 550 499 &amp;
575 438 817 498 intinctam
886 444 1024 504 vetulo
1067 449 1248 509 portare
1282 450 1455 510 parenti

281 509 497 569 limentam
566 504 713 564 campo
757 507 903 567 dicent
990 513 1059 573 ves
1085 516 1180 576 tigia
1224 520 1345 580 nulla

276 578 496 638 Inuenisse
525 572 635 632 necis
725 573 825 633 mox
864 577 935 637 hiic
974 581 1103 641 pisse
1133 586 1193 646 sub
1233 589 1333 649 apris

279 652 337 712 Aq
396 643 502 703 feris
549 640 701 700 raptum
749 642 913 702 puerum
971 648 1019 708 et
1054 656 1289 716 Preputabit
1324 666 1441 726 seseps.

273 724 481 784 timerat
534 714 713 774 direns,
735 714 780 774 in
847 718 990 778 reddit
1034 723 1131 783 talia
1183 729 1347 789 Raben.

902 768 1012 828 crlsile
1019 768 1048 828 20
1073 770 1079 830 e
208 797 363 857 Sciliret
409 784 480 844 haec
518 781 697 841 poterunt
743 784 860 844 inisex
915 790 1023 850 Julir
1078 796 1287 856 purentem

277 855 369 915 Cum
417 850 541 910 magis
580 848 650 908 hec
689 849 844 909 tastem
899 854 1047 914 possint
1086 862 1250 922 intende
1281 872 1467 932 luctum.

230 928 386 988 Atqe
413 918 596 978 homines
630 916 743 976 eqdem
804 919 1021 979 simulati
1057 927 1214 987 fallere
1248 934 1378 994 mores

223 991 453 1051 3Posgunt
549 984 596 1044 at
635 984 788 1044 digilem
845 987 1008 1047 mentem
1066 996 1210 1056 relare
1248 1004 1353 1064 deoee

228 1071 369 1131 nHoc
400 1060 480 1120 opuis
521 1055 592 1115 hic
622 1053 733 1113 labor
763 1053 814 1113 et
885 1055 925 1115 at
976 1059 1046 1119 non
1077 1063 1127 1123 sic
1168 1069 1299 1129 fortia
1349 1076 1430 1136 fata

233 1133 381 1193 aSunt
424 1121 529 1181 hoim
581 1117 632 1177 vt
685 1117 806 1177 diuum
868 1123 1025 1183 possint
1068 1135 1268 1195 imponere
1302 1146 1450 1206 menti.

282 1206 354 1266 Ne
389 1197 426 1257 in
470 1190 667 1250 aduersus
712 1192 883 1252 videar
928 1199 1107 1259 pugnare
1151 1208 1295 1268 salatem

293 1264 512 1324 Commem
567 1258 707 1318 solus,
731 1258 840 1318 mea
896 1263 966 1323 non
1005 1271 1162 1331 augilia
1217 1284 1389 1344 decrunt

314 1335 413 1395 sobis
457 1329 494 1389 si
529 1326 700 1386 potterit
754 1328 942 1388 quidlam
1005 1337 1095 1397 mea
1139 1347 1292 1407 linqua
1329 1360 1472 1420 silendo

282 1405 464 1465 Efficere
501 1395 549 1455 et
573 1393 707 1453 tacita
745 1398 891 1458 sscelus
927 1405 1000 1465 hoc
1037 1418 1378 1478 abspomtidmente

285 1481 352 1541 Sed
394 1472 462 1532 non
495 1468 579 1528 vlla
621 1465 714 1525 mea
756 1467 932 1527 assimat
992 1474 1075 1534 volo
1109 1484 1286 1544 nunera
1327 1499 1487 1559 dextra¬

281 1545 420 1605 Insons
476 1536 672 1596 fratermm
718 1536 840 1596 cupio
876 1540 969 1600 nam
1044 1553 1277 1613 sanguinis
1314 1568 1388 1628 esse

287 1619 362 1679 vos
403 1608 531 1668 modo
562 1604 616 1664 quod
637 1605 763 1665 vultis
817 1610 955 1670 facite
986 1617 1061 1677 &amp;
1081 1626 1272 1686 complete
1304 1635 1464 1695 furore,

278 1689 386 1749 Mox
440 1680 601 1740 adert
665 1679 836 1739 tempus
917 1688 1024 1748 duus
1042 1693 1123 1753 cum
1177 1702 1330 1762 sumere
1366 1708 1492 1768 poenas

278 1759 343 1819 tus
373 1755 512 1815 tituet
571 1753 804 1813 neritas,
827 1755 892 1815 non
937 1758 1032 1818 tum
1120 1766 1346 1826 molimna
1398 1775 1536 1835 fallent

288 1825 514 1885 Callida,
536 1824 592 1884 qua
616 1824 774 1884 patriae
797 1825 966 1885 possent
1011 1829 1101 1889 dare
1136 1834 1214 1894 voba
1259 1842 1350 1902 seni
1373 1849 1440 1909 tae¬

226 1900 344 1960 Dixit
383 1897 439 1957 &amp;
470 1897 486 1957 e
525 1897 676 1957 cumpo
715 1898 880 1958 tutis
921 1901 1055 1961 Luben
1102 1906 1197 1966 atque
1212 1910 1354 1970 ordine
1387 1914 1449 1974 sim

287 1968 454 2028 Secessit
506 1962 675 2022 ploraus
753 1967 921 2027 animo
965 1976 1151 2036 cendelia
1194 1984 1326 2044 Sosans

309 2032 509 2092 rimma
580 2030 650 2090 que
691 2031 791 2091 duro
831 2038 1082 2098 patrarant
1142 2052 1323 2112 pectore
1363 2067 1533 2127 fratres.

281 2113 288 2173 D
353 2104 485 2164 quoties
536 2101 711 2161 conuexa
763 2104 880 2164 tuens
930 2109 960 2169 in
1004 2113 1150 2173 mubila
1194 2119 1304 2179 coeli¬

273 2177 459 2237 Addum
515 2171 692 2231 plorars
757 2173 888 2233 Actus
943 2180 1083 2240 effudit
1139 2188 1306 2248 anaros
