2000 2581
700 154 903 214 1052e
939 150 1049 210 NO.

336 225 418 285 Ant
455 216 584 276 quoties
621 211 786 271 familis
830 212 1010 272 dominum
1071 216 1281 276 permixtus
1311 217 1446 277 adibas

414 281 551 341 Ootani
587 276 681 336 sexum
746 277 891 337 vertere
934 280 1013 340 posse
1050 281 1215 341 menn.

354 346 438 406 Ant
480 340 543 400 vbi
578 338 753 398 conseruos
795 340 907 400 video
956 347 1138 407 colludere
1166 350 1257 410 terum

413 407 487 467 Hei
511 404 561 464 n
609 402 815 462 conseruam
881 404 930 464 me
971 408 1062 468 pror
1102 412 1160 472 esse
1192 418 1274 478 tibi.

343 471 513 531 Deniquie
541 468 654 528 qequid
692 467 777 527 agis
814 467 1003 527 capiuntur
1022 470 1173 530 limina
1210 479 1276 539 ira

403 536 451 596 Et
501 534 632 594 mutas
680 534 787 594 reptis
828 537 991 597 pertora
1024 539 1090 599 ma
1139 541 1236 601 tuis.

351 606 473 666 Sopius
519 602 588 662 ipsa
635 601 711 661 mei
749 601 819 661 iam
880 603 965 663 pere
1003 606 1110 666 oblita
1156 610 1348 670 pudoris.

411 672 468 732 Me
502 666 607 726 volui
641 663 780 723 medijs
829 665 1018 725 inseruisse
1059 667 1190 727 virib.

385 737 521 797 Imnia
565 729 753 789 multenti
791 728 866 788 cum
919 729 1092 789 gandent
1136 733 1279 793 corpora
1324 736 1370 796 som

412 794 609 854 Insonmem
675 789 823 849 ceuciat
880 791 995 851 lenta
1036 792 1159 852 cupido
1201 791 1290 851 tui.

289 880 297 940 d
346 870 430 930 At
472 861 530 921 vbi
563 854 755 914 formosos
806 853 930 913 Titan
980 856 1080 916 seeim
1131 860 1289 920 exhibet
1322 862 1422 922 ortus

418 929 500 989 Cum
556 922 666 982 solito
703 921 813 981 luctu
868 923 1061 983 pristina
1098 929 1190 989 iura
1226 933 1346 993 redit

345 989 469 1049 samque
493 989 594 1049 mihi
617 989 805 1049 lanquent
843 991 999 1051 artus,
1022 993 1084 1053 iam
1139 996 1295 1056 pallidus
1326 999 1404 1059 ovis

397 1057 464 1117 Est
497 1058 581 1118 rolor
630 1059 663 1119 et
697 1059 830 1119 macie
872 1059 1064 1119 lanquida
1105 1060 1272 1120 membra
1313 1064 1480 1124 repant.

345 1122 464 1182 Quid
501 1121 583 1181 sinis
620 1121 791 1181 afflictam
836 1123 955 1183 tantis
1000 1124 1201 1184 incurrere
1231 1124 1321 1184 iuris

401 1187 521 1247 Quun
570 1185 682 1245 dabis
731 1185 795 1245 hei
827 1186 956 1246 mustre
1004 1190 1205 1250 pharmara
1245 1193 1309 1253 leta
1350 1194 1470 1254 mihhi¬

350 1253 507 1313 Nenqs
540 1250 655 1310 parum
713 1250 820 1310 ducis
861 1252 1009 1312 nostris
1042 1254 1109 1314 non
1158 1255 1240 1315 rede
1282 1254 1396 1314 votis.

394 1323 424 1383 In
469 1316 583 1376 nobis
629 1315 750 1375 vires
787 1318 977 1378 experiere
1014 1318 1136 1378 tuas.

339 1398 383 1458 Ee
412 1391 494 1451 rogo
531 1382 709 1442 materia
753 1381 908 1441 meliore
953 1383 997 1443 vt
1049 1387 1183 1447 fortior
1220 1391 1279 1451 esse

405 1453 558 1513 Vnde,
578 1452 664 1512 velis
710 1451 883 1511 veriant
943 1450 1036 1510 nulla
1082 1452 1235 1512 dolenda
1268 1456 1347 1516 iu¬

997 1488 1139 1548 perdere
344 1521 468 1581 Curpe
492 1516 526 1576 ti
550 1513 667 1573 fuerit
708 1514 932 1574 muliebrem
981 1519 1171 1579 Nit
1196 1523 1336 1583 sexum.

386 1583 577 1643 Quolibet
621 1577 673 1637 est
709 1577 813 1637 puero
839 1579 909 1639 oasta
934 1581 996 1641 &amp;
1013 1582 1074 1642 illa
1127 1585 1293 1645 minor.

344 1654 384 1714 Te
417 1647 506 1707 decet
546 1642 716 1702 eximium
772 1643 941 1703 generost
974 1647 1152 1707 rerporis
1184 1648 1297 1708 huius

384 1709 538 1769 Robar
583 1707 612 1767 in
655 1707 824 1767 alterius
875 1710 978 1770 velle
1022 1715 1175 1775 probare
1205 1721 1338 1781 malo.

335 1776 454 1836 Quid
502 1773 534 1833 ti
557 1773 709 1833 mentis
740 1773 812 1833 evit
859 1775 923 1835 tum
995 1778 1059 1838 eum
1106 1782 1162 1842 me
1194 1788 1313 1848 morte
1345 1798 1480 1858 pempta

408 1846 552 1906 Videris
586 1842 641 1902 &ea;
662 1841 716 1901 cam
785 1841 819 1901 te
853 1841 943 1901 neris
984 1843 1046 1903 esse
1080 1846 1162 1906 sties

344 1907 448 1967 Nam
509 1906 544 1966 in
587 1904 796 1964 surrurras
847 1904 934 1964 spes
969 1905 1038 1965 non
1073 1907 1134 1967 est
1168 1913 1246 1973 volla
1273 1924 1403 1984 relicta

367 1978 469 2038 Stat
515 1972 633 2032 vitam
688 1970 798 2030 celeri
837 1971 970 2031 pellere
1001 1974 1127 2034 morte
1166 1980 1299 2040 grauem

327 2046 426 2106 Enne
461 2038 561 2098 feres
596 2035 673 2095 ina
723 2034 878 2094 titulum
942 2036 970 2096 te
1005 2041 1147 2101 mortis
1196 2050 1338 2110 habere

379 2117 477 2177 Nea
522 2107 628 2167 iulis
672 2103 762 2163 sicib
814 2103 903 2163 fata
948 2107 1099 2167 videre
1143 2117 1295 2177 queas.
