2000 2581
506 132 569 192 Ne
598 135 717 195 tamen
753 136 774 196 in
809 138 901 198 puteo
929 139 1042 199 vitam
1084 141 1168 201 male
1204 142 1352 202 perderet
1387 143 1507 203 insons.

513 194 623 254 Numc
668 196 912 256 Madianitis
949 201 1097 261 peressis
1134 205 1318 265 venditus
1348 208 1400 268 ille
1429 208 1474 268 est

447 261 561 321 Talia
603 257 759 317 pripiens
810 259 980 319 pudelia
1023 264 1187 324 rimina
1236 267 1350 327 Ruben

513 323 699 383 comidit
752 322 986 382 examnnis,
1007 324 1087 384 mox
1119 326 1162 386 hi
1193 329 1353 389 tennere
1385 334 1629 394 cadentem,

515 385 628 445 Atque
645 384 714 444 alij
741 383 880 443 pelidis
923 385 1131 445 fuderunt
1174 389 1331 449 tempora
1366 395 1539 455 limphis.

511 455 577 515 Ille
610 453 652 513 sed
693 451 875 511 exarguis
925 451 1049 511 iaruit
1124 456 1339 516 gemitusque
1364 463 1530 523 pefundos

520 522 659 582 Propter
695 513 922 573 permanum
981 514 1142 574 contrato
1185 524 1346 584 pectore
1383 535 1499 595 duxit

508 594 568 654 Sed
611 583 740 643 veluti
766 578 903 638 sommo
947 580 1118 640 tandem
1170 591 1385 651 relenatus
1428 600 1462 660 ab
1496 605 1573 665 alto

513 651 683 711 sallidus
737 645 940 705 exurgit,
955 646 1041 706 tum
1079 652 1265 712 clamans
1312 663 1467 723 aethera
1506 674 1645 734 complet

452 720 659 780 Dmare
689 717 728 777 &ap
766 716 790 776 o
820 716 996 776 tellus,
1011 717 1034 777 o
1073 720 1134 780 vos
1180 726 1433 786 clavissima
1487 740 1647 800 mundi

488 783 773 843 Tumina,
793 780 926 840 quique
946 781 1058 841 deum
1119 787 1271 847 supino
1313 795 1435 855 celsus
1486 807 1650 867 Olempo¬

504 851 788 911 smperitaris
839 849 1025 909 residenis
1074 852 1149 912 rur
1186 858 1298 918 talia
1335 868 1509 928 crimina
1547 884 1670 944 fratru

500 920 714 980 permisti
734 915 1002 975 onmpotens
1074 920 1135 980 tur
1176 925 1279 985 ipsis
1309 933 1433 993 frena
1473 944 1637 1004 dedicti

524 983 662 1043 mpium
709 980 756 1040 vt
802 980 849 1040 hi
876 982 1016 1042 possent
1071 988 1211 1048 rabidi
1247 996 1434 1056 complere
1471 1006 1665 1066 furorem.

501 1063 517 1123 D
573 1054 726 1114 selus,
742 1050 767 1110 o
799 1050 928 1110 furiae
960 1051 976 1111 e
1017 1057 1251 1117 velremens
1292 1067 1445 1127 insania
1485 1074 1646 1134 mentis.

507 1123 592 1183 Qu
664 1117 792 1177 rabies
835 1117 992 1177 tantum
1049 1123 1228 1183 potuit:
1270 1131 1342 1191 que
1370 1136 1492 1196 tanta
1534 1142 1648 1202 libido

499 1187 719 1247 Imeulit,
748 1182 799 1242 at
839 1181 978 1241 qerumm
1048 1189 1309 1249 peregrins
1348 1202 1478 1262 vende
1518 1214 1709 1274 fratrem.

508 1257 667 1317 Adeus
704 1247 965 1307 omnigotens
1020 1249 1114 1309 quin
1151 1255 1309 1315 tandem
1365 1268 1532 1328 rrimina
1570 1280 1709 1340 punis.

494 1318 705 1378 fulmuna
740 1314 823 1374 sena
869 1313 952 1373 ince
999 1314 1034 1374 et
1069 1320 1294 1380 sceleratos
1340 1332 1480 1392 paere
1517 1345 1669 1405 fratres

489 1392 725 1452 Aegredere
771 1385 1055 1445 arcelerans,
1079 1390 1174 1450 alia
1209 1395 1326 1455 hand
1351 1401 1386 1461 in
1421 1405 1480 1465 teq
1516 1412 1657 1472 niffer

517 1459 770 1519 dindictam
831 1456 1070 1516 meritam,
1091 1459 1211 1519 munt
1257 1462 1344 1522 nun
1404 1465 1417 1525 o
1457 1469 1630 1529 Juluna
1657 1473 1750 1533 mitte

486 1534 550 1594 Et
594 1529 659 1589 ves
695 1527 709 1587 o
753 1524 1013 1584 paruridae,
1027 1524 1070 1584 quae
1092 1525 1222 1585 tanto
1258 1528 1424 1588 crimine
1467 1532 1568 1592 poena

498 1599 667 1659 sufficiet
745 1593 825 1653 fris
855 1592 994 1652 poterit
1064 1594 1242 1654 pensare
1281 1598 1450 1658 dolorem

502 1668 730 1728 Supplicium
812 1663 893 1723 hic
935 1663 1040 1723 alias
1082 1666 1203 1726 etenim
1261 1673 1449 1733 deductus
1489 1679 1515 1739 in
1547 1683 1636 1743 oras

497 1795 682 1855 Imperia
719 1790 876 1850 infaelix
914 1789 1044 1849 rigidi
1081 1792 1314 1852 complendo
1350 1801 1574 1861 magistri¬

489 1861 685 1921 Imeritas
723 1860 855 1920 misero
892 1861 1080 1921 tolerabit
1136 1866 1296 1926 corpore
1333 1874 1511 1934 poenas,

490 1935 499 1995 O
555 1930 696 1990 quanto
724 1928 882 1988 melius
920 1930 1078 1990 fucrat
1124 1936 1236 1996 male
1274 1942 1396 2002 quadere
1423 1948 1526 2008 vitam

490 2002 642 2062 Quam
701 1999 870 2059 unserum
930 2000 955 2060 in
1005 2003 1116 2063 alias
1167 2009 1311 2069 seruum
1370 2019 1547 2079 deducier
1573 2028 1691 2088 oras¬

493 2071 648 2131 Quod
686 2067 723 2127 si
752 2067 820 2127 non
872 2069 1005 2129 fratris
1050 2074 1191 2134 iniseri
1228 2083 1407 2143 fortuna
1451 2091 1629 2151 monebat

484 2142 576 2202 Non
614 2141 714 2201 dolor
753 2140 806 2200 &amp;
836 2142 1052 2202 lachrgore
1083 2148 1229 2208 vetuli
1267 2155 1436 2215 mouere
1467 2163 1666 2223 parentis.
