2000 2581
508 157 708 217 Instituas
743 155 942 215 tantum,
956 155 1128 215 miseram
1183 155 1224 215 ne
1253 154 1397 214 sperne
1432 148 1638 208 dientem.

511 217 635 277 Quod
677 211 705 271 si
732 209 844 269 nulla
878 208 968 268 tuam
1030 208 1189 268 possunt
1224 208 1438 268 infertere
1466 204 1618 264 mentem

503 276 719 336 Consilia,
740 270 802 330 &amp;
816 268 928 328 mobis
969 267 1046 327 non
1087 266 1171 326 plus
1212 265 1386 325 viuendi
1421 263 1546 323 Cupido

500 334 717 394 Restabit
793 328 905 388 duros
946 325 1139 385 meriens
1187 324 1322 384 fimire
1351 324 1498 384 labores

504 397 574 457 Jus
602 392 798 452 tituam,
812 389 889 449 inq
931 387 1001 447 non
1043 386 1099 446 est
1141 386 1218 446 spes
1246 386 1316 446 vlla
1365 387 1505 447 salutis.

477 459 651 519 entinut
697 450 845 510 tandem
909 446 1122 506 lacergmis
1161 445 1290 505 huel
1309 445 1374 505 era
1406 444 1554 504 rigauit

512 518 661 578 Mollia
726 511 825 571 tumc
867 507 1081 567 ladreyme
1114 507 1238 567 molles
1270 508 1435 568 deruere
1460 510 1674 570 loquentem.

504 585 557 645 Et
599 578 677 638 mit
731 573 754 633 in
796 571 915 631 collum
975 569 1136 629 inuenis
1172 569 1333 629 corresta
1386 570 1517 630 furore

508 641 698 701 Insamo,
714 633 928 693 lachrimis
960 629 1047 689 late
1070 629 1205 689 omnia
1244 632 1618 692 complitamaris.

521 707 625 767 Cons
651 699 738 759 titit
773 696 816 756 at
860 692 1033 752 inuenis
1068 693 1277 753 trepidus,
1294 697 1364 757 nec
1399 703 1538 763 portore
1563 711 1659 771 pume

517 764 699 824 conipit
736 754 957 814 infandum
1039 752 1184 812 rabeum
1237 755 1336 815 dant
1366 759 1434 819 ota
1472 765 1669 825 pudorem,

520 823 758 883 Abhorvetqus
797 815 901 875 scelus
941 814 1060 874 dirum
1115 815 1322 875 raecumque
1353 821 1568 881 furorem.

516 886 643 946 Quid
690 877 801 937 ditat
842 875 953 935 nescit
1024 875 1119 935 coera
1158 878 1334 938 raligine
1373 883 1421 943 per
1445 885 1517 945 tu¬

524 943 680 1003 Voluitur
688 937 736 997 &emp;
752 935 884 995 gelido
926 936 1162 996 cemplentr
1188 940 1294 1000 corda
1326 944 1500 1004 timore.

531 1010 575 1070 Vt
604 1004 641 1064 si
663 999 862 1059 serpentem
920 998 1008 1058 rons
1037 1000 1133 1060 pegit
1185 1002 1295 1062 forte
1324 1002 1441 1062 viator

527 1064 676 1124 Inseins
710 1057 895 1117 exheeret
947 1057 1132 1117 trepidus
1184 1061 1395 1121 gressung
1438 1065 1569 1125 referre

520 1126 754 1186 Arclerat,
769 1117 894 1177 dubia
948 1117 1073 1177 rapte
1113 1120 1363 1180 formudine
1401 1126 1565 1186 pectus.

518 1193 585 1253 hic
618 1184 736 1244 quoque
753 1177 915 1237 dicentis
956 1176 1125 1236 prulzus
1167 1179 1320 1239 voribus
1362 1184 1429 1244 ille

541 1249 677 1309 sacilles
715 1238 889 1298 timmut,
912 1234 1056 1294 gelidus
1078 1234 1123 1294 qper
1139 1235 1305 1295 membra
1343 1239 1547 1299 infurruit

507 1313 716 1373 hangnis,
740 1299 903 1359 pallenti
926 1292 1105 1352 rapiunte
1136 1290 1245 1350 corda
1276 1290 1439 1350 timore.

516 1371 718 1431 constitit
756 1356 994 1416 examnnis,
1010 1353 1076 1413 nec
1114 1352 1166 1412 quo
1204 1352 1375 1412 sermone
1405 1353 1562 1413 dolentem

519 1428 732 1488 compellet
778 1416 881 1476 dium
936 1412 1101 1472 nouit,
1117 1412 1369 1472 menteme
1392 1413 1550 1473 tenebre

524 1482 756 1542 Inuoluunt
802 1473 935 1533 atiae,
959 1471 1104 1531 tandem
1155 1471 1196 1531 sic
1225 1473 1295 1533 ora
1335 1475 1475 1535 resoluit

445 1555 523 1615 Hei
547 1545 657 1605 mihi
680 1538 758 1598 proh
790 1531 955 1591 demens
994 1530 1034 1590 quae
1049 1530 1081 1590 tu
1112 1530 1198 1590 mun
1237 1534 1355 1594 dicta
1395 1543 1583 1603 dedisti¬

513 1604 645 1664 Quit
693 1596 805 1656 talem
860 1590 978 1650 potuit
1013 1589 1111 1649 nobis
1145 1590 1263 1650 spare
1297 1594 1430 1654 dolorem

518 1658 627 1718 Sunt
667 1649 824 1709 fateor,
845 1647 967 1707 multi
1001 1648 1083 1708 quos
1124 1649 1185 1709 hec
1226 1654 1382 1714 fortasse
1402 1662 1600 1722 inuarent
1620 1677 1661 1737 7.

526 1716 685 1776 craudia
740 1713 812 1773 qui
835 1711 978 1771 munidi
994 1711 1042 1771 &amp;
1058 1712 1192 1772 cariis
1224 1715 1351 1775 solatia
1390 1721 1517 1781 quunt

517 1787 568 1847 At
604 1781 633 1841 in
691 1774 763 1834 non
800 1770 901 1830 talis
938 1770 1090 1830 animqus
1119 1774 1271 1834 talisne
1307 1779 1438 1839 Cupido

527 1842 673 1902 Insedit
708 1835 873 1895 misero,
890 1833 1010 1893 tanto
1046 1833 1088 1893 vt
1124 1834 1227 1894 vaga
1261 1838 1392 1898 gandia
1434 1842 1512 1902 quam

513 1904 727 1964 Dauno,
742 1898 818 1958 nec
857 1897 941 1957 tali
979 1898 1170 1958 rapinut
1216 1902 1330 1962 rorda
1376 1907 1521 1967 farore

529 1966 687 2026 Quin
724 1959 883 2019 videam
939 1958 1041 2018 semq
1079 1960 1199 2020 sanus
1218 1966 1460 2026 modamna
1507 1974 1629 2034 recti¬

507 2034 564 2094 At
599 2028 663 2088 tibi
692 2022 798 2082 postq
848 2021 933 2081 auus
983 2023 1068 2083 rero
1103 2027 1302 2087 correptus
1345 2032 1480 2092 anore

454 2100 494 2160 in
518 2091 702 2151 Aestuat
766 2083 870 2143 hand
918 2083 1030 2143 facile
1062 2085 1118 2145 est
1158 2088 1262 2148 recto
1302 2092 1334 2152 te
1366 2096 1494 2156 limite
1526 2100 1630 2160 duci¬

525 2155 589 2215 Sed
629 2149 710 2209 proc
750 2145 927 2205 ausculta
975 2146 1194 2206 diligens,
1210 2147 1274 2207 nec
1306 2149 1314 2209 5
1347 2150 1411 2210 pre
1435 2152 1628 2212 monentib

528 2210 766 2270 Consilia,
782 2206 901 2266 hand
940 2205 1075 2265 eterum
1155 2206 1330 2266 fraudes
1361 2209 1473 2269 contexo
1512 2214 1680 2274 dolobut.
