2000 2581
693 130 861 190 SRN1
893 127 1053 187 5onI

286 198 449 258 Osula
487 197 544 257 tum
612 197 688 257 figo
726 197 793 257 vel
822 197 870 257 de
898 197 927 257 te
956 197 1109 257 mutua
1147 197 1252 257 sumo

370 265 426 325 Er
463 266 614 326 vileve
642 266 773 326 norteo
819 266 950 326 munsam
1147 267 1260 327 fuit.
1278 268 1381 328 Sstuta
1409 270 1513 330 calisti
1531 271 1568 331 ne
1596 274 1727 334 renueda
1765 280 1849 340 Dea.

290 345 370 405 Ast
405 337 476 397 vbi
502 334 627 394 letitiae
662 333 796 393 fortar
839 335 928 395 pars
964 337 1133 397 maxima
1168 338 1239 398 na

360 411 558 471 Approgat
599 403 728 463 tenero
767 402 926 462 corpore
976 407 1135 467 pommus
1164 414 1254 474 abit

302 491 385 551 sum
441 482 496 542 ego
525 479 580 539 ren
617 475 728 535 nobis
775 476 989 536 fugientem
1044 483 1192 543 rernere
1230 490 1332 550 possum

376 559 413 619 In
441 553 666 613 Cartzrgmas
714 549 808 609 iareo
846 549 911 609 tota
949 551 1062 611 soluta
1099 555 1212 615 meas

299 629 364 689 Et
412 625 563 685 repetita
611 623 687 683 mea
733 622 837 682 volao
876 623 971 683 vaga
1008 626 1160 686 gandia
1198 632 1330 692 mente

370 697 574 757 Materiam
618 695 760 755 luctus
805 697 956 757 compero
982 699 1036 759 &amp;
1053 701 1143 761 inde
1178 704 1267 764 mei.

324 775 400 835 Sie
429 772 466 832 in
515 769 571 829 nox
609 767 742 827 apituer,
762 767 915 827 pereuit
952 768 1001 828 sic
1029 771 1181 831 tempora
1220 776 1305 836 lucis

379 845 488 905 Dum
543 842 578 902 tu
614 841 678 901 tam
723 842 831 902 lango
868 844 931 904 ipe
968 848 1103 908 lentus
1130 853 1247 913 abes.

304 924 413 984 Hac
449 917 567 977 tamen
603 916 622 976 o
659 915 822 975 inuenis
867 918 941 978 toto
977 925 1095 985 mihi
1123 933 1223 993 corde
1260 950 1450 1010 rerepte,

547 954 832 1014 jamrenonas
510 954 540 1014 .
360 997 506 1057 Licti
525 996 661 1056 contr
836 997 981 1057 gandia
1020 1001 1088 1061 ma
1136 1008 1253 1068 redi¬

307 1072 437 1132 Quod
469 1069 499 1129 si
519 1068 711 1128 volueris,
731 1070 813 1130 peam
883 1074 995 1134 mihi
1025 1080 1137 1140 rrede
1167 1091 1329 1151 dolendo

365 1153 426 1213 An
461 1147 592 1207 poteris
626 1146 688 1206 cam
758 1149 897 1209 mortis
932 1155 1081 1215 habere
1107 1159 1211 1219 meae

293 1228 369 1288 Ali
393 1222 511 1282 potius
552 1218 670 1278 vinam
728 1220 761 1280 pr
787 1221 812 1281 te
879 1225 938 1285 sed
971 1231 1146 1291 mumera
1188 1238 1288 1298 vitae

370 1303 492 1363 Hora
525 1298 592 1358 tii
625 1297 770 1357 reditus
813 1299 891 1359 sola
924 1304 1080 1364 dedisse
1102 1314 1245 1374 potest.

476 1414 799 1474 H1C1IO2
875 1416 1143 1476 DIVIVI

257 1528 450 1588 Diceris
480 1522 599 1582 queto
629 1521 794 1581 lventis
838 1523 1002 1583 tempore
1048 1525 1151 1585 vitle

369 1602 503 1662 Regia
555 1605 731 1665 vistuiri
762 1608 896 1668 sceptea
938 1610 1072 1670 tenere
1103 1608 1247 1668 manu.

265 1685 490 1745 Eratulor
528 1680 762 1740 incolum,
781 1682 812 1742 si
850 1683 879 1743 in
918 1687 1054 1747 sinis,
1074 1690 1143 1750 hoc
1172 1692 1200 1752 in
1240 1694 1347 1754 ipsum

364 1757 458 1817 Ne
500 1754 614 1814 potius
656 1756 698 1816 pr
719 1758 750 1818 te
792 1765 1042 1825 pordidicisse
1083 1764 1229 1824 velim.

285 1837 394 1897 Nam
444 1830 533 1890 quiuis
574 1831 653 1891 alij
684 1833 812 1893 vinam
882 1840 1021 1900 comissa
1071 1840 1221 1900 marito

379 1909 477 1969 Sum
527 1907 556 1967 in
605 1907 634 1967 in
674 1909 762 1969 regis
811 1915 988 1975 carmine
1037 1920 1154 1980 diona
1194 1920 1292 1980 legi¬

302 1986 417 2046 Nam
471 1986 555 2046 quod
608 1987 852 2047 transtatum
915 1990 925 2050 e
988 1994 1137 2054 dilosti
1168 2001 1306 2061 foedus
1338 2012 1486 2072 amoris

391 2067 485 2127 Non
538 2067 676 2127 med,
702 2068 814 2128 rede
858 2071 962 2131 in,
979 2075 1092 2135 culpa
1143 2083 1334 2143 parentis
1377 2092 1464 2152 erat
