2000 2581
259 178 468 238 Sperabat
505 171 632 231 thavos
696 171 741 231 et
768 173 888 233 talia
933 178 1106 238 crimina
1152 183 1297 243 nunque

275 246 543 306 specasset,
567 245 709 305 nullos
748 247 859 307 talos
899 250 930 310 in
970 254 1111 314 mente
1144 261 1310 321 dolores.

262 320 435 380 Interea
488 316 705 376 intrantes
749 318 941 378 veriunt
984 322 1115 382 spolia
1158 328 1254 388 atra
1289 337 1472 397 ferentes

250 399 307 459 Et
343 391 575 451 simulant
610 386 854 446 latrgmas
889 390 1097 450 luctueque
1110 399 1307 459 imitatia
1330 410 1446 470 pba¬

269 470 371 530 Inter
415 463 500 523 quos
543 458 706 518 Simeon
757 458 988 518 lactegmis
1022 463 1074 523 hic
1108 467 1211 527 fate
1245 476 1416 536 obortis,

188 545 376 605 dolor
418 537 462 597 vt
504 532 744 592 verremens
786 532 906 592 nobis
957 536 1180 596 tristitia
1222 541 1393 601 mentem

260 625 282 685 D
339 613 462 673 pater
495 604 710 664 obsedit,
732 603 778 663 in
822 604 890 664 quid
923 606 980 666 sit
1035 610 1193 670 passus
1228 614 1384 674 Poseph.

260 694 393 754 Nunc
437 682 517 742 etem
570 677 650 737 dum
704 675 829 735 aprob
873 679 1077 739 petimus
1112 684 1210 744 hinc
1246 687 1282 747 in
1317 690 1450 750 prefecti

270 756 541 816 Inueninus
592 746 753 806 scissam
814 748 1004 808 tumiam
1075 758 1306 818 vestemse
1336 770 1508 830 cruetam

261 836 353 896 ei
393 828 515 888 mihi
556 822 668 882 quam
730 820 872 880 lacera
914 820 965 880 est
995 823 1036 883 et
1077 826 1241 886 quanto
1281 835 1435 895 infecta
1475 846 1638 906 cruore?

285 905 505 965 Dnninog
564 898 622 958 tin
668 897 820 957 vester
937 901 1193 961 representat
1228 907 1380 967 Posept.

263 990 319 1050 As
337 983 412 1043 pice
448 977 486 1037 si
522 971 680 1031 nosti,
708 971 865 1031 motuo
912 974 958 1034 ne
1005 977 1125 1037 forte
1162 981 1366 1041 ferarum

258 1054 452 1114 Insidijs
494 1044 646 1104 raptus
696 1044 848 1104 inisera
898 1047 957 1107 sit
1008 1050 1151 1110 morte
1193 1056 1412 1116 pemptus.

199 1136 311 1196 Hter
357 1126 432 1186 vbi
460 1117 731 1177 narrantem
796 1115 927 1175 male
964 1119 1095 1179 foelix
1133 1126 1254 1186 audit
1300 1137 1440 1197 Jacob¬

1002 1160 1182 1220 retirre
266 1208 368 1268 Non
408 1197 541 1257 potuit
593 1190 735 1250 tastis
777 1189 950 1249 tantum
1001 1199 1246 1259 mutaret
1287 1213 1451 1273 dolorem

280 1281 418 1341 Qum
473 1272 665 1332 miserum
708 1267 879 1327 obscura
921 1267 1039 1327 radit
1082 1272 1274 1332 ralidine
1307 1285 1445 1345 corpus

280 1354 499 1414 Comidit
536 1345 794 1405 examiis
850 1342 1003 1402 veluti
1031 1345 1231 1405 grumbit
1268 1355 1363 1415 tum
1421 1369 1515 1429 bos.

271 1423 500 1483 Oberrantqe
531 1413 630 1473 inxe
669 1413 783 1473 tristi
807 1415 868 1475 sub
899 1418 998 1478 rorde
1029 1421 1197 1481 tembrae

274 1493 347 1553 Hei
368 1487 485 1547 qualis
529 1482 630 1542 facies
668 1481 820 1541 vs,
842 1482 1017 1542 quavtum
1068 1488 1257 1548 mutatus
1286 1493 1323 1553 ab
1352 1495 1410 1555 illo

275 1556 339 1616 Cui
371 1551 549 1611 quondam
597 1547 725 1607 luctae
757 1547 765 1607 a
806 1547 870 1607 duo
902 1550 1087 1610 vistoria
1127 1557 1224 1617 dicta
1264 1562 1312 1622 est

278 1616 451 1676 Nuncqe
485 1614 583 1674 iaret
616 1613 748 1673 tristis
790 1615 881 1675 senio
913 1618 1112 1678 mortiaque
1137 1626 1277 1686 repletus

290 1683 430 1743 esaviem
493 1677 606 1737 cauam
670 1678 804 1738 cirrum
860 1684 1093 1744 trepidantia
1142 1692 1234 1752 fujus

286 1746 470 1806 Tempora,
486 1745 532 1805 ampt;
548 1745 748 1805 augutam
809 1748 917 1808 faciem
962 1755 1185 1815 Ciniserabile
1216 1767 1324 1827 visu)

277 1807 412 1867 Midit
451 1808 554 1868 terre
594 1810 808 1870 pidibusque
832 1816 1046 1876 obstantia
1094 1827 1213 1887 vervit

281 1877 513 1937 Accurpunt
549 1877 683 1937 nati,
701 1878 853 1938 sceleris
890 1884 997 1944 quais
1032 1894 1184 1954 pertora
1212 1907 1310 1967 plena

270 1946 476 2006 Turbantur
507 1943 668 2003 meritas
706 1945 791 2005 tali
829 1948 889 2008 pro
928 1954 1096 2014 crimine
1142 1963 1280 2023 poenas

275 2011 510 2071 sponaetes,
530 2006 654 2066 orulis
704 2008 828 2068 pueri
858 2015 1073 2075 obuersate
1114 2024 1267 2084 iman.

273 2081 398 2141 samqu
442 2077 545 2137 calor
581 2077 647 2137 cum
699 2079 757 2139 sus
801 2081 853 2141 de
882 2084 948 2144 toto
985 2089 1139 2149 corpore
1168 2093 1256 2153 vetro

281 2146 476 2206 Efugiens
516 2143 606 2203 mox
646 2145 688 2205 ad
736 2151 973 2211 trepidantia
1021 2162 1176 2222 putora
1216 2168 1346 2228 fertu,
