2000 2581
659 126 1009 186 105teto.

307 185 433 245 Quid
470 185 506 245 de
533 185 560 245 te
587 186 759 246 Memphris
804 189 885 249 quid
922 191 948 251 de
984 192 1012 252 te
1057 196 1211 256 tatiphar
1246 199 1319 259 ipse

371 260 487 320 Quid
533 257 572 317 de
610 257 640 317 te
672 256 802 316 poterit
864 258 957 318 regia
1003 259 1065 319 tota
1103 262 1233 322 loqui¬

319 317 367 377 Vt
402 313 470 373 vite
512 312 643 372 parcat
684 313 850 373 coniux,
871 318 1023 378 infarmis
1070 322 1099 382 et
1140 324 1236 384 exul

377 375 468 435 Vnor
516 371 572 431 qui
606 371 683 431 nun
739 372 766 432 es
822 376 968 436 regia,
996 382 1114 442 tuepis
1156 386 1260 446 eris.

283 449 393 509 Talia
439 437 652 497 nerquisque
670 438 771 498 tarito
808 440 863 500 sub
900 443 955 503 per
974 447 1057 507 tore
1093 452 1241 512 voluens

363 509 488 569 Sepius
531 505 714 565 insorunis
764 506 933 566 tempore
969 510 1086 570 notis
1115 515 1261 575 eram.

316 577 398 637 Cum
443 573 499 633 que
517 570 581 630 hec
618 569 691 629 me
719 569 894 629 miseram
939 575 1150 635 trepidanti
1177 584 1314 644 pestore
1342 592 1479 652 tervet¬

352 641 509 701 tortior
543 638 638 698 hinc
679 638 856 698 aninuus
898 640 966 700 spe
1006 645 1170 705 meliore
1218 653 1320 713 verit

301 703 432 763 Quid
476 701 634 761 dubitas
678 700 792 760 agram
854 703 1003 763 blando
1038 707 1197 767 pponere
1231 714 1381 774 mentem

382 765 450 825 Qm
517 764 619 824 pellis
653 765 788 825 vans
830 768 974 828 pectore
1016 772 1143 832 stulta
1186 777 1338 837 metus?

318 833 458 893 Crede
483 829 516 889 im
573 827 647 887 non
689 827 697 887 e
747 827 870 887 duvum
928 829 986 889 sub
1018 834 1167 894 cerpore
1200 840 1325 900 molli¬

358 894 482 954 pestus
537 893 571 953 se
612 892 819 952 membris
867 894 1073 954 commenin
1190 902 1293 962 suis.

316 962 366 1022 At
400 959 435 1019 im
477 957 528 1017 que
546 955 682 1015 blando
715 955 885 1015 demittit
928 960 1090 1020 lmmina
1123 969 1285 1029 vultu¬

362 1029 491 1089 Quam
552 1021 656 1081 pellax
683 1021 743 1081 illi
769 1024 829 1084 pra
864 1026 890 1086 in
925 1029 994 1089 ore
1029 1032 1158 1092 sedet.

308 1100 393 1160 Hon
427 1094 478 1154 ne
504 1090 615 1150 putas
658 1088 726 1148 cum
769 1089 983 1149 centestum
1034 1096 1180 1156 corpore
1214 1105 1350 1165 aestem

359 1159 448 1219 Hem
516 1153 535 1213 n
585 1150 703 1210 pittas
741 1151 929 1211 plaridum
978 1157 1116 1217 tristia
1145 1163 1224 1223 posse
1243 1167 1371 1227 loqui¬

334 1230 441 1290 Quin
470 1223 528 1283 age
566 1218 731 1278 formasi
760 1218 876 1278 pectus
914 1222 1087 1282 tentabis
1126 1227 1271 1287 annrum

361 1289 445 1349 Cum
509 1284 572 1344 pre
608 1282 685 1342 cum
741 1283 953 1343 lacronis
995 1286 1107 1346 dulcia
1142 1290 1213 1350 vba
1248 1295 1382 1355 feris.

299 1348 466 1408 Elestes
503 1344 547 1404 ne
576 1344 737 1404 dubita,
758 1345 912 1405 inuenis
949 1350 1153 1410 mutatile
1189 1355 1321 1415 pectus

353 1411 436 1471 Nam
494 1406 667 1466 plaridam
725 1406 872 1466 mentem
936 1411 1058 1471 mollia
1097 1419 1270 1479 membra
1315 1433 1443 1493 notat.

315 1475 361 1535 Tn
398 1471 509 1531 quoque
528 1470 612 1530 eura
658 1472 749 1532 sonis
806 1476 870 1536 inq
926 1479 1000 1539 Dea
1028 1485 1203 1545 maxima
1250 1489 1361 1549 gentis

359 1544 374 1604 D
418 1542 558 1602 faueas
602 1541 698 1601 votis
764 1543 897 1603 nactsi
919 1544 1036 1604 sancta
1081 1544 1198 1604 meis.

314 1612 414 1672 Talia
483 1608 590 1668 crede
627 1607 759 1667 mihsi,
784 1609 934 1669 luventi
971 1611 1078 1671 corde
1109 1613 1291 1673 volatans

354 1677 563 1737 Plandior
598 1672 668 1732 hei
694 1672 825 1732 infalip
868 1673 877 1733 3
894 1674 938 1734 pe
956 1676 1122 1736 meliore
1156 1680 1287 1740 mihi¬

279 1877 343 1937 Ia
382 1873 455 1933 dies
502 1869 646 1929 nemit
695 1869 758 1929 qua
798 1870 831 1930 te
870 1872 934 1932 mo
990 1877 1166 1937 Putiphar
1205 1885 1357 1945 emptum

360 1935 520 1995 Sernum
592 1932 736 1992 regalem
816 1934 904 1994 ferit
952 1939 1064 1999 adire
1104 1947 1296 2007 domun.

298 2001 507 2061 Intrabas
539 1997 757 2057 memmi)
789 2000 934 2060 veluti
966 2004 1039 2064 cum
1095 2011 1256 2071 Lurifer
1289 2018 1401 2078 ortus

357 2073 547 2133 Opposnit
596 2067 676 2127 luci
717 2067 866 2127 eubila
926 2071 1056 2131 parua
1116 2078 1235 2138 suae.
