<?xml version="1.0" encoding="UTF-8" standalone="yes"?>
<PcGts xmlns="http://schema.primaresearch.org/PAGE/gts/pagecontent/2013-07-15" xmlns:xsi="http://www.w3.org/2001/XMLSchema-instance" xsi:schemaLocation="http://schema.primaresearch.org/PAGE/gts/pagecontent/2013-07-15 http://schema.primaresearch.org/PAGE/gts/pagecontent/2013-07-15/pagecontent.xsd">
    <Metadata>
        <Creator>prov=READ-COOP:name=PyLaia@TranskribusPlatform:version=0.3.9:model_id=27337:lm=none:date=09_03_2021_13:57
prov=READ-Coop:name=PyLaia@Transkribus:version=0.3.9:model_id=27337:lm=none:date=09_03_2021_13:57
prov=University of Rostock/Institute of Mathematics/CITlab|PLANET AI GmbH/Tobias Gruening/tobias.gruening@planet-ai.de:name=de.uros.citlab.module.baseline2polygon.B2PSeamMultiOriented:v=2.6.7</Creator>
        <Created>2021-03-09T13:06:30.742+01:00</Created>
        <LastChange>2021-03-12T10:17:35.789+01:00</LastChange>
        <TranskribusMetadata docId="625925" pageId="24647284" pageNr="63" tsid="53617578" status="GT" userId="10592" imgUrl="https://files.transkribus.eu/Get?id=HVDNBYNTZKQRHXTOVVJPKHQA&amp;fileType=view" xmlUrl="https://files.transkribus.eu/Get?id=XBPTBWOPGLORHJLTCAXYHJHH" imageId="18988680"/>
    </Metadata>
    <Page imageFilename="1111703.jpeg" imageWidth="2000" imageHeight="2581">
        <ReadingOrder>
            <OrderedGroup id="ro_1621678253455" caption="Regions reading order">
                <RegionRefIndexed index="0" regionRef="r1"/>
            </OrderedGroup>
        </ReadingOrder>
        <TextRegion orientation="0.0" id="r1" custom="readingOrder {index:0;}">
            <Coords points="251,157 251,2214 1448,2214 1448,157"/>
            <TextLine id="r1l1" custom="readingOrder {index:0;}">
                <Coords points="656,196 762,191 886,230 913,206 986,201 987,138 832,149 779,146 729,121 657,125 656,196"/>
                <Baseline points="664,188 690,186 716,185 742,185 769,185 795,187 821,187 847,188 874,189 900,189 926,189 952,189 979,187"/>
                <Word id="r1l1_w1" custom="readingOrder {index:0;}">
                    <Coords points="661,147 661,207 947,207 947,147"/>
                    <TextEquiv>
                        <Unicode>DAVIDI</Unicode>
                    </TextEquiv>
                </Word>
                <TextEquiv>
                    <Unicode>DAVIDI</Unicode>
                </TextEquiv>
            </TextLine>
            <TextLine id="r1l2" custom="readingOrder {index:1;}">
                <Coords points="311,275 396,267 431,300 485,266 565,254 648,289 711,251 768,250 880,296 1019,259 1046,278 1111,266 1142,285 1172,277 1272,304 1273,198 1234,205 1183,187 1156,213 1074,203 1022,234 959,199 886,229 817,214 723,220 691,196 649,191 606,219 531,209 506,224 483,206 425,227 378,203 325,204 312,210 311,275"/>
                <Baseline points="318,249 365,247 412,246 459,245 507,244 554,244 601,245 649,245 696,246 743,247 791,248 838,249 885,250 932,251 980,252 1027,253 1074,253 1122,253 1169,254 1216,253 1264,253"/>
                <Word id="r1l2_w1" custom="readingOrder {index:0;}">
                    <Coords points="331,207 331,267 385,267 385,207"/>
                    <TextEquiv>
                        <Unicode>Et</Unicode>
                    </TextEquiv>
                </Word>
                <Word id="r1l2_w2" custom="readingOrder {index:1;}">
                    <Coords points="424,205 424,265 478,265 478,205"/>
                    <TextEquiv>
                        <Unicode>qui</Unicode>
                    </TextEquiv>
                </Word>
                <Word id="r1l2_w3" custom="readingOrder {index:2;}">
                    <Coords points="509,204 509,264 563,264 563,204"/>
                    <TextEquiv>
                        <Unicode>me</Unicode>
                    </TextEquiv>
                </Word>
                <Word id="r1l2_w4" custom="readingOrder {index:3;}">
                    <Coords points="593,205 593,265 757,265 757,205"/>
                    <TextEquiv>
                        <Unicode>iiseram</Unicode>
                    </TextEquiv>
                </Word>
                <Word id="r1l2_w5" custom="readingOrder {index:4;}">
                    <Coords points="818,209 818,269 927,269 927,209"/>
                    <TextEquiv>
                        <Unicode>vexat</Unicode>
                    </TextEquiv>
                </Word>
                <Word id="r1l2_w6" custom="readingOrder {index:5;}">
                    <Coords points="965,213 965,273 1119,273 1119,213"/>
                    <TextEquiv>
                        <Unicode>imultus</Unicode>
                    </TextEquiv>
                </Word>
                <Word id="r1l2_w7" custom="readingOrder {index:6;}">
                    <Coords points="1158,213 1158,273 1220,273 1220,213"/>
                    <TextEquiv>
                        <Unicode>evit</Unicode>
                    </TextEquiv>
                </Word>
                <TextEquiv>
                    <Unicode>Et qui me miseram vexat, inultus erit?</Unicode>
                </TextEquiv>
            </TextLine>
            <TextLine id="r1l3" custom="readingOrder {index:2;}">
                <Coords points="246,344 267,354 298,330 352,345 404,332 492,361 585,347 648,364 727,348 777,360 896,329 981,375 1088,360 1121,379 1167,344 1250,355 1250,299 1218,290 1199,305 1157,282 1029,273 988,300 919,282 867,298 791,263 739,267 705,292 533,274 497,299 446,288 428,298 399,269 376,268 247,289 246,344"/>
                <Baseline points="253,327 302,324 351,323 401,321 450,319 500,319 549,318 599,318 648,318 698,319 747,319 796,320 846,321 895,322 945,324 994,325 1044,326 1093,327 1143,329 1192,330 1242,331"/>
                <Word id="r1l3_w1" custom="readingOrder {index:0;}">
                    <Coords points="261,283 261,343 358,343 358,283"/>
                    <TextEquiv>
                        <Unicode>Hei</Unicode>
                    </TextEquiv>
                </Word>
                <Word id="r1l3_w2" custom="readingOrder {index:1;}">
                    <Coords points="375,280 375,340 463,340 463,280"/>
                    <TextEquiv>
                        <Unicode>data</Unicode>
                    </TextEquiv>
                </Word>
                <Word id="r1l3_w3" custom="readingOrder {index:2;}">
                    <Coords points="506,278 506,338 568,338 568,278"/>
                    <TextEquiv>
                        <Unicode>sum</Unicode>
                    </TextEquiv>
                </Word>
                <Word id="r1l3_w4" custom="readingOrder {index:3;}">
                    <Coords points="628,278 628,338 673,338 673,278"/>
                    <TextEquiv>
                        <Unicode>qa</Unicode>
                    </TextEquiv>
                </Word>
                <Word id="r1l3_w5" custom="readingOrder {index:4;}">
                    <Coords points="716,279 716,339 760,339 760,279"/>
                    <TextEquiv>
                        <Unicode>sic</Unicode>
                    </TextEquiv>
                </Word>
                <Word id="r1l3_w6" custom="readingOrder {index:5;}">
                    <Coords points="795,281 795,341 935,341 935,281"/>
                    <TextEquiv>
                        <Unicode>fuerat</Unicode>
                    </TextEquiv>
                </Word>
                <Word id="r1l3_w7" custom="readingOrder {index:6;}">
                    <Coords points="996,285 996,345 1084,345 1084,285"/>
                    <TextEquiv>
                        <Unicode>suia</Unicode>
                    </TextEquiv>
                </Word>
                <Word id="r1l3_w8" custom="readingOrder {index:7;}">
                    <Coords points="1119,289 1119,349 1232,349 1232,289"/>
                    <TextEquiv>
                        <Unicode>potris</Unicode>
                    </TextEquiv>
                </Word>
                <TextEquiv>
                    <Unicode>Hei data sum quia sic fuerat sententia patris</Unicode>
                </TextEquiv>
            </TextLine>
            <TextLine id="r1l4" custom="readingOrder {index:3;}">
                <Coords points="308,410 380,403 431,445 516,401 545,426 567,419 591,436 612,420 651,428 725,411 751,391 775,411 954,412 1002,445 1063,409 1129,435 1163,413 1223,407 1224,365 1183,380 1158,360 1128,383 1087,360 984,377 901,347 832,367 783,356 734,379 676,355 602,364 571,347 508,371 461,347 409,363 356,343 309,363 308,410"/>
                <Baseline points="316,396 361,395 406,394 451,394 496,394 541,395 586,395 631,396 676,397 721,398 766,399 811,400 856,401 901,402 946,403 991,404 1036,404 1081,404 1126,404 1171,404 1216,403"/>
                <Word id="r1l4_w1" custom="readingOrder {index:0;}">
                    <Coords points="335,354 335,414 525,414 525,354"/>
                    <TextEquiv>
                        <Unicode>Diuersum</Unicode>
                    </TextEquiv>
                </Word>
                <Word id="r1l4_w2" custom="readingOrder {index:1;}">
                    <Coords points="594,356 594,416 723,416 723,356"/>
                    <TextEquiv>
                        <Unicode>frater</Unicode>
                    </TextEquiv>
                </Word>
                <Word id="r1l4_w3" custom="readingOrder {index:2;}">
                    <Coords points="784,360 784,420 906,420 906,360"/>
                    <TextEquiv>
                        <Unicode>mater</Unicode>
                    </TextEquiv>
                </Word>
                <Word id="r1l4_w4" custom="readingOrder {index:3;}">
                    <Coords points="951,364 951,424 1081,424 1081,364"/>
                    <TextEquiv>
                        <Unicode>vipsa</Unicode>
                    </TextEquiv>
                </Word>
                <Word id="r1l4_w5" custom="readingOrder {index:4;}">
                    <Coords points="1134,363 1134,423 1217,423 1217,363"/>
                    <TextEquiv>
                        <Unicode>fin.</Unicode>
                    </TextEquiv>
                </Word>
                <TextEquiv>
                    <Unicode>Diversum frater, mater et ipsa fui.</Unicode>
                </TextEquiv>
            </TextLine>
            <TextLine id="r1l5" custom="readingOrder {index:4;}">
                <Coords points="257,494 416,476 448,509 512,477 572,524 607,524 705,509 732,491 759,514 783,491 821,497 959,467 972,481 1060,483 1097,515 1120,516 1200,483 1286,484 1286,427 1178,411 1126,435 1070,432 1044,451 994,444 965,423 953,435 893,428 853,404 759,436 715,412 645,433 623,422 524,438 498,423 430,445 392,411 344,443 298,398 258,395 257,494"/>
                <Baseline points="265,469 315,468 366,466 416,466 467,465 518,464 568,464 619,464 670,464 720,465 771,465 822,466 872,467 923,468 974,469 1024,471 1075,472 1126,474 1176,475 1227,477 1278,478"/>
                <Word id="r1l5_w1" custom="readingOrder {index:0;}">
                    <Coords points="275,427 275,487 403,487 403,427"/>
                    <TextEquiv>
                        <Unicode>Quid</Unicode>
                    </TextEquiv>
                </Word>
                <Word id="r1l5_w2" custom="readingOrder {index:1;}">
                    <Coords points="442,424 442,484 560,484 560,424"/>
                    <TextEquiv>
                        <Unicode>cessas</Unicode>
                    </TextEquiv>
                </Word>
                <Word id="r1l5_w3" custom="readingOrder {index:2;}">
                    <Coords points="589,424 589,484 687,484 687,424"/>
                    <TextEquiv>
                        <Unicode>ipitur</Unicode>
                    </TextEquiv>
                </Word>
                <Word id="r1l5_w4" custom="readingOrder {index:3;}">
                    <Coords points="755,425 755,485 834,485 834,425"/>
                    <TextEquiv>
                        <Unicode>quid</Unicode>
                    </TextEquiv>
                </Word>
                <Word id="r1l5_w5" custom="readingOrder {index:4;}">
                    <Coords points="873,427 873,487 933,487 933,427"/>
                    <TextEquiv>
                        <Unicode>nos</Unicode>
                    </TextEquiv>
                </Word>
                <Word id="r1l5_w6" custom="readingOrder {index:5;}">
                    <Coords points="971,430 971,490 1040,490 1040,430"/>
                    <TextEquiv>
                        <Unicode>tam</Unicode>
                    </TextEquiv>
                </Word>
                <Word id="r1l5_w7" custom="readingOrder {index:6;}">
                    <Coords points="1099,433 1099,493 1148,493 1148,433"/>
                    <TextEquiv>
                        <Unicode>tpo</Unicode>
                    </TextEquiv>
                </Word>
                <Word id="r1l5_w8" custom="readingOrder {index:7;}">
                    <Coords points="1187,437 1187,497 1285,497 1285,437"/>
                    <TextEquiv>
                        <Unicode>lonpo</Unicode>
                    </TextEquiv>
                </Word>
                <TextEquiv>
                    <Unicode>Quid cessas igitur? quid nos tam tempore longo</Unicode>
                </TextEquiv>
            </TextLine>
            <TextLine id="r1l6" custom="readingOrder {index:5;}">
                <Coords points="308,556 357,550 405,580 519,538 560,556 579,540 595,556 657,564 738,546 774,572 818,547 934,565 958,549 1021,571 1091,550 1207,547 1238,564 1297,548 1297,505 1240,477 1206,510 1132,523 1085,505 1020,515 980,500 848,516 787,492 759,513 731,492 705,509 571,522 538,501 507,507 485,490 447,508 415,475 363,476 308,484 308,556"/>
                <Baseline points="315,544 363,540 412,538 461,536 510,534 558,533 607,533 656,533 705,533 753,533 802,534 851,535 900,536 948,537 997,538 1046,539 1095,540 1143,541 1192,541 1241,542 1290,542"/>
                <Word id="r1l6_w1" custom="readingOrder {index:0;}">
                    <Coords points="333,497 333,557 526,557 526,497"/>
                    <TextEquiv>
                        <Unicode>Distratris</Unicode>
                    </TextEquiv>
                </Word>
                <Word id="r1l6_w2" custom="readingOrder {index:1;}">
                    <Coords points="605,493 605,553 619,553 619,493"/>
                    <TextEquiv>
                        <Unicode>o</Unicode>
                    </TextEquiv>
                </Word>
                <Word id="r1l6_w3" custom="readingOrder {index:2;}">
                    <Coords points="655,493 655,553 813,553 813,493"/>
                    <TextEquiv>
                        <Unicode>aninue</Unicode>
                    </TextEquiv>
                </Word>
                <Word id="r1l6_w4" custom="readingOrder {index:3;}">
                    <Coords points="841,496 841,556 1027,556 1027,496"/>
                    <TextEquiv>
                        <Unicode>maxima</Unicode>
                    </TextEquiv>
                </Word>
                <Word id="r1l6_w5" custom="readingOrder {index:4;}">
                    <Coords points="1070,500 1070,560 1148,560 1148,500"/>
                    <TextEquiv>
                        <Unicode>eua</Unicode>
                    </TextEquiv>
                </Word>
                <Word id="r1l6_w6" custom="readingOrder {index:5;}">
                    <Coords points="1192,502 1192,562 1299,562 1299,502"/>
                    <TextEquiv>
                        <Unicode>mea.</Unicode>
                    </TextEquiv>
                </Word>
                <TextEquiv>
                    <Unicode>Distrahis? o animę maxima cura meae.</Unicode>
                </TextEquiv>
            </TextLine>
            <TextLine id="r1l7" custom="readingOrder {index:6;}">
                <Coords points="255,659 276,659 336,611 403,611 437,633 515,635 526,647 640,626 706,650 792,623 839,626 870,652 901,632 939,645 1000,610 1041,630 1128,618 1160,639 1210,635 1240,660 1266,660 1318,636 1346,646 1346,578 1249,564 1210,579 1148,555 1028,576 954,548 930,570 867,564 846,580 812,561 774,573 737,546 668,563 587,548 525,577 442,563 392,579 357,550 332,563 264,527 255,659"/>
                <Baseline points="262,613 315,610 369,607 423,606 477,604 531,603 585,602 638,602 692,602 746,602 800,603 854,603 908,604 962,604 1015,605 1069,606 1123,606 1177,606 1231,607 1285,606 1339,606"/>
                <Word id="r1l7_w1" custom="readingOrder {index:0;}">
                    <Coords points="281,570 281,630 327,630 327,570"/>
                    <TextEquiv>
                        <Unicode>In</Unicode>
                    </TextEquiv>
                </Word>
                <Word id="r1l7_w2" custom="readingOrder {index:1;}">
                    <Coords points="364,566 364,626 429,626 429,566"/>
                    <TextEquiv>
                        <Unicode>tua</Unicode>
                    </TextEquiv>
                </Word>
                <Word id="r1l7_w3" custom="readingOrder {index:2;}">
                    <Coords points="466,563 466,623 549,623 549,563"/>
                    <TextEquiv>
                        <Unicode>iura</Unicode>
                    </TextEquiv>
                </Word>
                <Word id="r1l7_w4" custom="readingOrder {index:3;}">
                    <Coords points="586,562 586,622 716,622 716,562"/>
                    <TextEquiv>
                        <Unicode>veni:</Unicode>
                    </TextEquiv>
                </Word>
                <Word id="r1l7_w5" custom="readingOrder {index:4;}">
                    <Coords points="734,562 734,622 772,622 772,562"/>
                    <TextEquiv>
                        <Unicode>si</Unicode>
                    </TextEquiv>
                </Word>
                <Word id="r1l7_w6" custom="readingOrder {index:5;}">
                    <Coords points="799,563 799,623 836,623 836,563"/>
                    <TextEquiv>
                        <Unicode>te</Unicode>
                    </TextEquiv>
                </Word>
                <Word id="r1l7_w7" custom="readingOrder {index:6;}">
                    <Coords points="874,563 874,623 938,623 938,563"/>
                    <TextEquiv>
                        <Unicode>pia</Unicode>
                    </TextEquiv>
                </Word>
                <Word id="r1l7_w8" custom="readingOrder {index:7;}">
                    <Coords points="966,565 966,625 1133,625 1133,565"/>
                    <TextEquiv>
                        <Unicode>munina</Unicode>
                    </TextEquiv>
                </Word>
                <Word id="r1l7_w9" custom="readingOrder {index:8;}">
                    <Coords points="1170,566 1170,626 1336,626 1336,566"/>
                    <TextEquiv>
                        <Unicode>tangunt</Unicode>
                    </TextEquiv>
                </Word>
                <TextEquiv>
                    <Unicode>In tua iura veni: si te pia numina tangunt</Unicode>
                </TextEquiv>
            </TextLine>
            <TextLine id="r1l8" custom="readingOrder {index:7;}">
                <Coords points="328,721 412,723 496,680 542,683 586,715 625,700 654,710 697,678 754,674 824,674 878,707 974,675 1021,700 1089,701 1109,715 1163,691 1189,707 1291,694 1338,715 1338,650 1238,659 1197,635 1158,655 1049,625 959,651 901,632 869,652 790,624 706,650 668,629 648,643 597,632 573,648 467,633 413,656 366,632 329,646 328,721"/>
                <Baseline points="336,679 385,676 435,674 485,673 535,672 584,671 634,670 684,670 734,670 783,670 833,671 883,671 933,672 982,673 1032,674 1082,675 1132,676 1181,677 1231,678 1281,678 1331,679"/>
                <Word id="r1l8_w1" custom="readingOrder {index:0;}">
                    <Coords points="353,634 353,694 474,694 474,634"/>
                    <TextEquiv>
                        <Unicode>Anque</Unicode>
                    </TextEquiv>
                </Word>
                <Word id="r1l8_w2" custom="readingOrder {index:1;}">
                    <Coords points="495,632 495,692 551,692 551,632"/>
                    <TextEquiv>
                        <Unicode>nos</Unicode>
                    </TextEquiv>
                </Word>
                <Word id="r1l8_w3" custom="readingOrder {index:2;}">
                    <Coords points="594,630 594,690 878,690 878,630"/>
                    <TextEquiv>
                        <Unicode>imperunt,</Unicode>
                    </TextEquiv>
                </Word>
                <Word id="r1l8_w4" custom="readingOrder {index:3;}">
                    <Coords points="900,631 900,691 928,691 928,631"/>
                    <TextEquiv>
                        <Unicode>in</Unicode>
                    </TextEquiv>
                </Word>
                <Word id="r1l8_w5" custom="readingOrder {index:4;}">
                    <Coords points="978,633 978,693 1041,693 1041,633"/>
                    <TextEquiv>
                        <Unicode>tua</Unicode>
                    </TextEquiv>
                </Word>
                <Word id="r1l8_w6" custom="readingOrder {index:5;}">
                    <Coords points="1092,636 1092,696 1176,696 1176,636"/>
                    <TextEquiv>
                        <Unicode>iura</Unicode>
                    </TextEquiv>
                </Word>
                <Word id="r1l8_w7" custom="readingOrder {index:6;}">
                    <Coords points="1234,638 1234,698 1333,698 1333,638"/>
                    <TextEquiv>
                        <Unicode>veni.</Unicode>
                    </TextEquiv>
                </Word>
                <TextEquiv>
                    <Unicode>Quę nos iunxerunt, in tua iura veni.</Unicode>
                </TextEquiv>
            </TextLine>
            <TextLine id="r1l9" custom="readingOrder {index:8;}">
                <Coords points="262,780 305,762 381,771 429,754 486,773 545,752 576,753 608,780 650,748 697,746 795,794 856,782 879,762 909,766 931,789 986,769 1053,796 1111,773 1161,788 1241,765 1307,796 1367,763 1426,784 1456,772 1456,708 1424,724 1382,708 1357,727 1214,723 1162,692 1083,730 1058,715 1023,726 990,711 945,717 926,700 880,707 864,691 827,723 764,697 725,712 625,701 587,715 481,695 383,724 333,690 296,717 262,702 262,780"/>
                <Baseline points="270,752 328,749 387,747 446,745 505,743 564,742 623,742 682,742 741,743 800,743 859,745 917,746 976,747 1035,748 1094,749 1153,751 1212,752 1271,753 1330,754 1389,754 1448,754"/>
                <Word id="r1l9_w1" custom="readingOrder {index:0;}">
                    <Coords points="276,708 276,768 433,768 433,708"/>
                    <TextEquiv>
                        <Unicode>Nemne</Unicode>
                    </TextEquiv>
                </Word>
                <Word id="r1l9_w2" custom="readingOrder {index:1;}">
                    <Coords points="465,702 465,762 573,762 573,702"/>
                    <TextEquiv>
                        <Unicode>Qui</Unicode>
                    </TextEquiv>
                </Word>
                <Word id="r1l9_w3" custom="readingOrder {index:2;}">
                    <Coords points="606,702 606,762 747,762 747,702"/>
                    <TextEquiv>
                        <Unicode>poteras</Unicode>
                    </TextEquiv>
                </Word>
                <Word id="r1l9_w4" custom="readingOrder {index:3;}">
                    <Coords points="779,703 779,763 854,763 854,703"/>
                    <TextEquiv>
                        <Unicode>exul</Unicode>
                    </TextEquiv>
                </Word>
                <Word id="r1l9_w5" custom="readingOrder {index:4;}">
                    <Coords points="895,706 895,766 1044,766 1044,706"/>
                    <TextEquiv>
                        <Unicode>captas</Unicode>
                    </TextEquiv>
                </Word>
                <Word id="r1l9_w6" custom="readingOrder {index:5;}">
                    <Coords points="1085,711 1085,771 1267,771 1267,711"/>
                    <TextEquiv>
                        <Unicode>reparare</Unicode>
                    </TextEquiv>
                </Word>
                <Word id="r1l9_w7" custom="readingOrder {index:6;}">
                    <Coords points="1308,714 1308,774 1440,774 1440,714"/>
                    <TextEquiv>
                        <Unicode>puellas</Unicode>
                    </TextEquiv>
                </Word>
                <TextEquiv>
                    <Unicode>Qui poteras exul captas reparare puellas</Unicode>
                </TextEquiv>
            </TextLine>
            <TextLine id="r1l10" custom="readingOrder {index:9;}">
                <Coords points="337,843 437,827 503,866 635,807 658,827 753,851 825,836 956,851 1095,828 1158,834 1173,849 1268,839 1313,854 1313,795 1267,801 1211,780 1146,802 1115,772 1071,799 971,778 931,789 878,761 856,782 793,795 685,751 625,790 588,779 471,801 409,796 354,765 337,771 337,843"/>
                <Baseline points="345,828 393,824 441,821 489,818 537,816 585,814 633,814 681,814 729,814 777,815 825,816 873,817 921,818 969,819 1017,820 1065,821 1113,822 1161,823 1209,823 1257,823 1305,822"/>
                <Word id="r1l10_w1" custom="readingOrder {index:0;}">
                    <Coords points="342,784 342,844 427,844 427,784"/>
                    <TextEquiv>
                        <Unicode>Cum</Unicode>
                    </TextEquiv>
                </Word>
                <Word id="r1l10_w2" custom="readingOrder {index:1;}">
                    <Coords points="481,776 481,836 589,836 589,776"/>
                    <TextEquiv>
                        <Unicode>rapet</Unicode>
                    </TextEquiv>
                </Word>
                <Word id="r1l10_w3" custom="readingOrder {index:2;}">
                    <Coords points="651,774 651,834 743,834 743,774"/>
                    <TextEquiv>
                        <Unicode>mas</Unicode>
                    </TextEquiv>
                </Word>
                <Word id="r1l10_w4" custom="readingOrder {index:3;}">
                    <Coords points="805,777 805,837 982,837 982,777"/>
                    <TextEquiv>
                        <Unicode>Barbara</Unicode>
                    </TextEquiv>
                </Word>
                <Word id="r1l10_w5" custom="readingOrder {index:4;}">
                    <Coords points="1029,781 1029,841 1137,841 1137,781"/>
                    <TextEquiv>
                        <Unicode>turba</Unicode>
                    </TextEquiv>
                </Word>
                <Word id="r1l10_w6" custom="readingOrder {index:5;}">
                    <Coords points="1176,783 1176,843 1291,843 1291,783"/>
                    <TextEquiv>
                        <Unicode>murus</Unicode>
                    </TextEquiv>
                </Word>
                <TextEquiv>
                    <Unicode>Cum raperet nostras barbara turba nurus</Unicode>
                </TextEquiv>
            </TextLine>
            <TextLine id="r1l11" custom="readingOrder {index:10;}">
                <Coords points="274,914 321,916 352,895 446,903 485,891 584,900 645,938 676,908 721,897 790,946 862,890 953,901 1085,892 1157,904 1204,941 1256,916 1344,904 1344,867 1323,872 1259,842 1235,858 1169,852 1124,874 1099,860 1074,876 1021,860 908,867 884,847 856,859 839,843 771,866 688,828 638,860 578,868 528,853 501,866 469,847 421,869 361,841 274,835 274,914"/>
                <Baseline points="281,895 333,893 386,891 439,890 492,889 544,889 597,888 650,888 703,888 755,888 808,888 861,889 914,889 966,889 1019,890 1072,891 1125,891 1177,892 1230,893 1283,893 1336,894"/>
                <Word id="r1l11_w1" custom="readingOrder {index:0;}">
                    <Coords points="286,852 286,912 408,912 408,852"/>
                    <TextEquiv>
                        <Unicode>Num</Unicode>
                    </TextEquiv>
                </Word>
                <Word id="r1l11_w2" custom="readingOrder {index:1;}">
                    <Coords points="476,848 476,908 614,908 614,848"/>
                    <TextEquiv>
                        <Unicode>vistor</Unicode>
                    </TextEquiv>
                </Word>
                <Word id="r1l11_w3" custom="readingOrder {index:2;}">
                    <Coords points="652,848 652,908 782,908 782,848"/>
                    <TextEquiv>
                        <Unicode>solio,</Unicode>
                    </TextEquiv>
                </Word>
                <Word id="r1l11_w4" custom="readingOrder {index:3;}">
                    <Coords points="804,849 804,909 957,909 957,849"/>
                    <TextEquiv>
                        <Unicode>sceptris</Unicode>
                    </TextEquiv>
                </Word>
                <Word id="r1l11_w5" custom="readingOrder {index:4;}">
                    <Coords points="1002,851 1002,911 1162,911 1162,851"/>
                    <TextEquiv>
                        <Unicode>remisqui</Unicode>
                    </TextEquiv>
                </Word>
                <Word id="r1l11_w6" custom="readingOrder {index:5;}">
                    <Coords points="1201,853 1201,913 1330,913 1330,853"/>
                    <TextEquiv>
                        <Unicode>potitus</Unicode>
                    </TextEquiv>
                </Word>
                <TextEquiv>
                    <Unicode>Nunc victor solio, sceptris regnisque potitus</Unicode>
                </TextEquiv>
            </TextLine>
            <TextLine id="line_1615540500817_5397" custom="readingOrder {index:11;}">
                <Coords points="357,900 906,889 1125,903 1287,932 1287,989 1273,995 1049,1017 383,1012 329,1001 329,942"/>
                <Baseline points="336,981 383,976 430,971 477,968 524,965 571,963 618,962 666,962 713,962 760,963 807,964 854,965 901,966 948,967 996,969 1043,970 1090,971 1137,971 1184,971 1231,971 1279,970 365,931 392,931 420,930 447,930 475,929 502,929 530,928 558,928 891,920 916,918 941,918 966,919 991,921 1016,924 1041,926 1066,927 1091,927 1116,925"/>
                <Word id="r1l12_w1" custom="readingOrder {index:0;}">
                    <Coords points="886,881 886,941 1107,941 1107,881"/>
                    <TextEquiv>
                        <Unicode>eigte</Unicode>
                    </TextEquiv>
                </Word>
                <Word id="r1l13_w1" custom="readingOrder {index:1;}">
                    <Coords points="364,890 364,950 442,950 442,890"/>
                    <TextEquiv>
                        <Unicode>Non</Unicode>
                    </TextEquiv>
                </Word>
                <Word id="r1l13_w2" custom="readingOrder {index:2;}">
                    <Coords points="483,888 483,948 561,948 561,888"/>
                    <TextEquiv>
                        <Unicode>poteo</Unicode>
                    </TextEquiv>
                </Word>
                <Word id="r1l14_w1" custom="readingOrder {index:3;}">
                    <Coords points="346,930 346,990 545,990 545,930"/>
                    <TextEquiv>
                        <Unicode>Nenegs</Unicode>
                    </TextEquiv>
                </Word>
                <Word id="r1l14_w2" custom="readingOrder {index:4;}">
                    <Coords points="587,922 587,982 608,982 608,922"/>
                    <TextEquiv>
                        <Unicode>in</Unicode>
                    </TextEquiv>
                </Word>
                <Word id="r1l14_w3" custom="readingOrder {index:5;}">
                    <Coords points="648,922 648,982 848,982 848,922"/>
                    <TextEquiv>
                        <Unicode>thalamos</Unicode>
                    </TextEquiv>
                </Word>
                <Word id="r1l14_w4" custom="readingOrder {index:6;}">
                    <Coords points="897,929 897,989 1096,989 1096,929"/>
                    <TextEquiv>
                        <Unicode>netituiss</Unicode>
                    </TextEquiv>
                </Word>
                <Word id="r1l14_w5" custom="readingOrder {index:7;}">
                    <Coords points="1152,931 1152,991 1282,991 1282,931"/>
                    <TextEquiv>
                        <Unicode>tuis.</Unicode>
                    </TextEquiv>
                </Word>
                <TextEquiv>
                    <Unicode>Non potes in thalamos me rapuisse tuos?</Unicode>
                </TextEquiv>
            </TextLine>
            <TextLine id="r1l15" custom="readingOrder {index:12;}">
                <Coords points="263,1062 382,1075 416,1059 453,1085 531,1043 599,1062 655,1039 707,1082 761,1040 783,1055 844,1046 875,1067 907,1046 1049,1075 1093,1059 1155,1098 1192,1087 1236,1104 1292,1063 1452,1067 1453,993 1369,997 1335,1028 1308,1011 1252,1027 1216,1005 1173,1005 1139,1025 975,1004 875,1011 857,994 757,1003 732,988 691,1013 516,985 495,1003 446,979 380,1014 315,980 264,977 263,1062"/>
                <Baseline points="271,1052 329,1049 388,1046 447,1044 505,1042 564,1041 623,1040 681,1040 740,1040 799,1040 858,1041 916,1041 975,1043 1034,1044 1092,1045 1151,1046 1210,1048 1268,1049 1327,1050 1386,1051 1445,1052"/>
                <Word id="r1l15_w1" custom="readingOrder {index:0;}">
                    <Coords points="294,1007 294,1067 409,1067 409,1007"/>
                    <TextEquiv>
                        <Unicode>Luid</Unicode>
                    </TextEquiv>
                </Word>
                <Word id="r1l15_w2" custom="readingOrder {index:1;}">
                    <Coords points="451,1002 451,1062 517,1062 517,1002"/>
                    <TextEquiv>
                        <Unicode>soal</Unicode>
                    </TextEquiv>
                </Word>
                <Word id="r1l15_w3" custom="readingOrder {index:2;}">
                    <Coords points="567,1000 567,1060 601,1060 601,1000"/>
                    <TextEquiv>
                        <Unicode>im</Unicode>
                    </TextEquiv>
                </Word>
                <Word id="r1l15_w4" custom="readingOrder {index:3;}">
                    <Coords points="642,1000 642,1060 716,1060 716,1000"/>
                    <TextEquiv>
                        <Unicode>auf</Unicode>
                    </TextEquiv>
                </Word>
                <Word id="r1l15_w5" custom="readingOrder {index:4;}">
                    <Coords points="765,1000 765,1060 882,1060 882,1000"/>
                    <TextEquiv>
                        <Unicode>penns</Unicode>
                    </TextEquiv>
                </Word>
                <Word id="r1l15_w6" custom="readingOrder {index:5;}">
                    <Coords points="931,1003 931,1063 1064,1063 1064,1003"/>
                    <TextEquiv>
                        <Unicode>atterit</Unicode>
                    </TextEquiv>
                </Word>
                <Word id="r1l15_w7" custom="readingOrder {index:6;}">
                    <Coords points="1105,1006 1105,1066 1197,1066 1197,1006"/>
                    <TextEquiv>
                        <Unicode>ense</Unicode>
                    </TextEquiv>
                </Word>
                <Word id="r1l15_w8" custom="readingOrder {index:7;}">
                    <Coords points="1238,1009 1238,1069 1387,1069 1387,1009"/>
                    <TextEquiv>
                        <Unicode>paterum</Unicode>
                    </TextEquiv>
                </Word>
                <TextEquiv>
                    <Unicode>Quid Ioab immani genus atterit ense paternum?</Unicode>
                </TextEquiv>
            </TextLine>
            <TextLine id="r1l16" custom="readingOrder {index:13;}">
                <Coords points="339,1144 380,1148 459,1117 500,1131 534,1123 592,1163 665,1155 697,1167 752,1120 764,1131 958,1120 994,1133 1029,1116 1048,1131 1085,1125 1130,1155 1160,1156 1184,1132 1307,1187 1403,1145 1404,1076 1358,1075 1321,1100 1141,1089 1056,1099 1032,1082 994,1091 966,1080 945,1093 851,1083 809,1047 782,1054 762,1039 710,1082 664,1093 540,1084 506,1060 430,1089 340,1075 339,1144"/>
                <Baseline points="347,1123 399,1119 451,1116 504,1113 556,1111 609,1110 661,1110 714,1110 766,1110 819,1111 871,1112 923,1113 976,1115 1028,1116 1081,1118 1133,1119 1186,1121 1238,1122 1291,1124 1343,1125 1396,1125"/>
                <Word id="r1l16_w1" custom="readingOrder {index:0;}">
                    <Coords points="371,1076 371,1136 498,1136 498,1076"/>
                    <TextEquiv>
                        <Unicode>Rein</Unicode>
                    </TextEquiv>
                </Word>
                <Word id="r1l16_w2" custom="readingOrder {index:1;}">
                    <Coords points="529,1070 529,1130 636,1130 636,1070"/>
                    <TextEquiv>
                        <Unicode>mage</Unicode>
                    </TextEquiv>
                </Word>
                <Word id="r1l16_w3" custom="readingOrder {index:2;}">
                    <Coords points="679,1070 679,1130 700,1130 700,1070"/>
                    <TextEquiv>
                        <Unicode>q</Unicode>
                    </TextEquiv>
                </Word>
                <Word id="r1l16_w4" custom="readingOrder {index:3;}">
                    <Coords points="742,1070 742,1130 838,1130 838,1070"/>
                    <TextEquiv>
                        <Unicode>robis</Unicode>
                    </TextEquiv>
                </Word>
                <Word id="r1l16_w5" custom="readingOrder {index:4;}">
                    <Coords points="871,1073 871,1133 998,1133 998,1073"/>
                    <TextEquiv>
                        <Unicode>arma</Unicode>
                    </TextEquiv>
                </Word>
                <Word id="r1l16_w6" custom="readingOrder {index:5;}">
                    <Coords points="1051,1078 1051,1138 1201,1138 1201,1078"/>
                    <TextEquiv>
                        <Unicode>ceuenta</Unicode>
                    </TextEquiv>
                </Word>
                <Word id="r1l16_w7" custom="readingOrder {index:6;}">
                    <Coords points="1243,1084 1243,1144 1381,1144 1381,1084"/>
                    <TextEquiv>
                        <Unicode>gerit.</Unicode>
                    </TextEquiv>
                </Word>
                <TextEquiv>
                    <Unicode>Quin mage pro nobis arma cruenta gerit?</Unicode>
                </TextEquiv>
            </TextLine>
            <TextLine id="r1l17" custom="readingOrder {index:14;}">
                <Coords points="244,1201 387,1224 427,1201 475,1222 589,1180 629,1204 692,1195 777,1244 864,1211 983,1234 1010,1212 1050,1219 1130,1188 1218,1226 1256,1212 1420,1222 1430,1170 1386,1153 1295,1186 1221,1149 1178,1162 1125,1155 1079,1125 999,1154 947,1139 900,1170 824,1157 704,1169 665,1155 582,1167 506,1129 464,1146 404,1128 360,1150 303,1112 245,1129 244,1201"/>
                <Baseline points="251,1188 309,1188 368,1187 426,1187 485,1186 543,1186 602,1186 660,1186 719,1187 777,1187 836,1188 895,1189 953,1190 1012,1191 1070,1193 1129,1195 1187,1197 1246,1200 1304,1203 1363,1206 1422,1209"/>
                <Word id="r1l17_w1" custom="readingOrder {index:0;}">
                    <Coords points="268,1147 268,1207 408,1207 408,1147"/>
                    <TextEquiv>
                        <Unicode>Quid</Unicode>
                    </TextEquiv>
                </Word>
                <Word id="r1l17_w2" custom="readingOrder {index:1;}">
                    <Coords points="443,1146 443,1206 565,1206 565,1146"/>
                    <TextEquiv>
                        <Unicode>tamen</Unicode>
                    </TextEquiv>
                </Word>
                <Word id="r1l17_w3" custom="readingOrder {index:2;}">
                    <Coords points="609,1146 609,1206 723,1206 723,1146"/>
                    <TextEquiv>
                        <Unicode>arma</Unicode>
                    </TextEquiv>
                </Word>
                <Word id="r1l17_w4" custom="readingOrder {index:3;}">
                    <Coords points="766,1147 766,1207 889,1207 889,1147"/>
                    <TextEquiv>
                        <Unicode>gerat</Unicode>
                    </TextEquiv>
                </Word>
                <Word id="r1l17_w5" custom="readingOrder {index:4;}">
                    <Coords points="958,1150 958,1210 1002,1210 1002,1150"/>
                    <TextEquiv>
                        <Unicode>quae</Unicode>
                    </TextEquiv>
                </Word>
                <Word id="r1l17_w6" custom="readingOrder {index:5;}">
                    <Coords points="1011,1152 1011,1212 1115,1212 1115,1152"/>
                    <TextEquiv>
                        <Unicode>nobis</Unicode>
                    </TextEquiv>
                </Word>
                <Word id="r1l17_w7" custom="readingOrder {index:6;}">
                    <Coords points="1151,1158 1151,1218 1272,1218 1272,1158"/>
                    <TextEquiv>
                        <Unicode>milite</Unicode>
                    </TextEquiv>
                </Word>
                <Word id="r1l17_w8" custom="readingOrder {index:7;}">
                    <Coords points="1300,1165 1300,1225 1421,1225 1421,1165"/>
                    <TextEquiv>
                        <Unicode>multo</Unicode>
                    </TextEquiv>
                </Word>
                <TextEquiv>
                    <Unicode>Quid tamen arma gerat? pro nobis milite multo</Unicode>
                </TextEquiv>
            </TextLine>
            <TextLine id="r1l18" custom="readingOrder {index:15;}">
                <Coords points="333,1275 403,1282 466,1267 512,1301 596,1252 616,1267 637,1251 693,1303 723,1308 862,1263 931,1283 956,1275 998,1300 1073,1269 1131,1297 1149,1287 1195,1299 1252,1281 1283,1292 1347,1283 1348,1239 1320,1252 1233,1220 1157,1251 1087,1233 985,1238 959,1222 859,1234 826,1222 773,1240 694,1230 587,1181 431,1234 402,1214 387,1224 334,1211 333,1275"/>
                <Baseline points="340,1263 390,1259 440,1257 490,1255 540,1254 590,1254 640,1254 690,1255 740,1256 790,1258 840,1259 890,1262 940,1264 990,1266 1040,1268 1090,1271 1140,1272 1190,1274 1240,1276 1290,1277 1340,1278"/>
                <Word id="r1l18_w1" custom="readingOrder {index:0;}">
                    <Coords points="346,1218 346,1278 438,1278 438,1218"/>
                    <TextEquiv>
                        <Unicode>Non</Unicode>
                    </TextEquiv>
                </Word>
                <Word id="r1l18_w2" custom="readingOrder {index:1;}">
                    <Coords points="478,1214 478,1274 563,1274 563,1214"/>
                    <TextEquiv>
                        <Unicode>opus</Unicode>
                    </TextEquiv>
                </Word>
                <Word id="r1l18_w3" custom="readingOrder {index:2;}">
                    <Coords points="595,1214 595,1274 664,1274 664,1214"/>
                    <TextEquiv>
                        <Unicode>e,</Unicode>
                    </TextEquiv>
                </Word>
                <Word id="r1l18_w4" custom="readingOrder {index:3;}">
                    <Coords points="687,1215 687,1275 758,1275 758,1215"/>
                    <TextEquiv>
                        <Unicode>qui</Unicode>
                    </TextEquiv>
                </Word>
                <Word id="r1l18_w5" custom="readingOrder {index:4;}">
                    <Coords points="789,1218 789,1278 852,1278 852,1218"/>
                    <TextEquiv>
                        <Unicode>me</Unicode>
                    </TextEquiv>
                </Word>
                <Word id="r1l18_w6" custom="readingOrder {index:5;}">
                    <Coords points="890,1224 890,1284 1030,1284 1030,1224"/>
                    <TextEquiv>
                        <Unicode>liberet</Unicode>
                    </TextEquiv>
                </Word>
                <Word id="r1l18_w7" custom="readingOrder {index:6;}">
                    <Coords points="1084,1231 1084,1291 1193,1291 1193,1231"/>
                    <TextEquiv>
                        <Unicode>vnns</Unicode>
                    </TextEquiv>
                </Word>
                <Word id="r1l18_w8" custom="readingOrder {index:7;}">
                    <Coords points="1224,1236 1224,1296 1333,1296 1333,1236"/>
                    <TextEquiv>
                        <Unicode>erit¬</Unicode>
                    </TextEquiv>
                </Word>
                <TextEquiv>
                    <Unicode>Non opus est, qui me liberet, unus erit.</Unicode>
                </TextEquiv>
            </TextLine>
            <TextLine id="r1l19" custom="readingOrder {index:16;}">
                <Coords points="267,1355 388,1330 426,1334 461,1364 538,1350 554,1364 619,1330 671,1347 756,1346 817,1388 915,1361 962,1371 1022,1347 1075,1372 1108,1362 1149,1387 1191,1356 1296,1379 1316,1364 1404,1375 1405,1337 1357,1324 1275,1331 1219,1300 1103,1325 1045,1284 1012,1300 970,1284 940,1298 923,1286 838,1301 772,1286 706,1307 587,1283 545,1303 510,1299 463,1267 395,1301 287,1251 269,1258 267,1355"/>
                <Baseline points="274,1335 330,1332 386,1330 442,1329 498,1328 554,1327 610,1327 667,1328 723,1329 779,1330 835,1331 891,1333 947,1335 1003,1338 1060,1340 1116,1343 1172,1346 1228,1349 1284,1351 1340,1354 1397,1358"/>
                <Word id="r1l19_w1" custom="readingOrder {index:0;}">
                    <Coords points="296,1291 296,1351 376,1351 376,1291"/>
                    <TextEquiv>
                        <Unicode>Ne</Unicode>
                    </TextEquiv>
                </Word>
                <Word id="r1l19_w2" custom="readingOrder {index:1;}">
                    <Coords points="408,1289 408,1349 473,1349 473,1289"/>
                    <TextEquiv>
                        <Unicode>tibi</Unicode>
                    </TextEquiv>
                </Word>
                <Word id="r1l19_w3" custom="readingOrder {index:2;}">
                    <Coords points="505,1287 505,1347 755,1347 755,1287"/>
                    <TextEquiv>
                        <Unicode>conumgas,</Unicode>
                    </TextEquiv>
                </Word>
                <Word id="r1l19_w4" custom="readingOrder {index:3;}">
                    <Coords points="771,1291 771,1351 915,1351 915,1291"/>
                    <TextEquiv>
                        <Unicode>reguum</Unicode>
                    </TextEquiv>
                </Word>
                <Word id="r1l19_w5" custom="readingOrder {index:4;}">
                    <Coords points="980,1298 980,1358 1044,1358 1044,1298"/>
                    <TextEquiv>
                        <Unicode>tibi</Unicode>
                    </TextEquiv>
                </Word>
                <Word id="r1l19_w6" custom="readingOrder {index:5;}">
                    <Coords points="1076,1305 1076,1365 1245,1365 1245,1305"/>
                    <TextEquiv>
                        <Unicode>iumperis</Unicode>
                    </TextEquiv>
                </Word>
                <Word id="r1l19_w7" custom="readingOrder {index:6;}">
                    <Coords points="1278,1313 1278,1373 1382,1373 1382,1313"/>
                    <TextEquiv>
                        <Unicode>onne</Unicode>
                    </TextEquiv>
                </Word>
                <TextEquiv>
                    <Unicode>Me tibi coniungas, regnum tibi iunxeris omne</Unicode>
                </TextEquiv>
            </TextLine>
            <TextLine id="r1l20" custom="readingOrder {index:17;}">
                <Coords points="319,1423 345,1423 366,1403 387,1419 449,1415 478,1421 511,1453 563,1419 617,1412 667,1443 817,1417 841,1420 878,1456 924,1429 937,1443 983,1440 1040,1419 1074,1447 1092,1437 1175,1479 1266,1431 1329,1452 1331,1398 1277,1368 1221,1362 1138,1391 1108,1362 1066,1386 986,1390 910,1366 864,1386 818,1388 787,1371 729,1389 646,1377 629,1387 583,1355 516,1375 484,1363 443,1385 405,1347 378,1364 343,1339 321,1343 319,1423"/>
                <Baseline points="326,1405 375,1404 425,1403 475,1403 525,1403 575,1403 624,1404 674,1405 724,1406 774,1407 824,1408 873,1410 923,1412 973,1414 1023,1416 1073,1418 1122,1420 1172,1423 1222,1425 1272,1428 1322,1431"/>
                <Word id="r1l20_w1" custom="readingOrder {index:0;}">
                    <Coords points="348,1363 348,1423 459,1423 459,1363"/>
                    <TextEquiv>
                        <Unicode>Nam</Unicode>
                    </TextEquiv>
                </Word>
                <Word id="r1l20_w2" custom="readingOrder {index:1;}">
                    <Coords points="515,1363 515,1423 650,1423 650,1363"/>
                    <TextEquiv>
                        <Unicode>potent</Unicode>
                    </TextEquiv>
                </Word>
                <Word id="r1l20_w3" custom="readingOrder {index:2;}">
                    <Coords points="705,1366 705,1426 808,1426 808,1366"/>
                    <TextEquiv>
                        <Unicode>coram</Unicode>
                    </TextEquiv>
                </Word>
                <Word id="r1l20_w4" custom="readingOrder {index:3;}">
                    <Coords points="871,1372 871,1432 1006,1432 1006,1372"/>
                    <TextEquiv>
                        <Unicode>fratre</Unicode>
                    </TextEquiv>
                </Word>
                <Word id="r1l20_w5" custom="readingOrder {index:4;}">
                    <Coords points="1038,1379 1038,1439 1165,1439 1165,1379"/>
                    <TextEquiv>
                        <Unicode>valere</Unicode>
                    </TextEquiv>
                </Word>
                <Word id="r1l20_w6" custom="readingOrder {index:5;}">
                    <Coords points="1205,1387 1205,1447 1324,1447 1324,1387"/>
                    <TextEquiv>
                        <Unicode>soror.</Unicode>
                    </TextEquiv>
                </Word>
                <TextEquiv>
                    <Unicode>Nam poterit coram fratre valere soror.</Unicode>
                </TextEquiv>
            </TextLine>
            <TextLine id="r1l21" custom="readingOrder {index:18;}">
                <Coords points="267,1505 306,1496 375,1540 454,1481 507,1515 660,1499 716,1532 782,1508 814,1523 858,1491 927,1526 1043,1497 1087,1515 1147,1515 1163,1531 1205,1523 1292,1555 1304,1554 1306,1484 1197,1485 1087,1457 1041,1468 998,1435 925,1452 909,1443 860,1469 831,1449 797,1461 752,1434 669,1444 650,1428 609,1443 541,1429 509,1453 478,1421 433,1449 407,1435 378,1452 338,1418 271,1407 267,1505"/>
                <Baseline points="276,1486 327,1482 378,1479 429,1477 480,1476 531,1475 582,1475 633,1476 684,1478 735,1480 787,1482 838,1485 889,1487 940,1491 991,1493 1042,1497 1093,1500 1144,1502 1195,1505 1246,1508 1298,1509"/>
                <Word id="r1l21_w1" custom="readingOrder {index:0;}">
                    <Coords points="285,1441 285,1501 398,1501 398,1441"/>
                    <TextEquiv>
                        <Unicode>Turpe</Unicode>
                    </TextEquiv>
                </Word>
                <Word id="r1l21_w2" custom="readingOrder {index:1;}">
                    <Coords points="426,1436 426,1496 502,1496 502,1436"/>
                    <TextEquiv>
                        <Unicode>tibi</Unicode>
                    </TextEquiv>
                </Word>
                <Word id="r1l21_w3" custom="readingOrder {index:2;}">
                    <Coords points="530,1435 530,1495 701,1495 701,1435"/>
                    <TextEquiv>
                        <Unicode>fuerit,</Unicode>
                    </TextEquiv>
                </Word>
                <Word id="r1l21_w4" custom="readingOrder {index:3;}">
                    <Coords points="729,1440 729,1500 757,1500 757,1440"/>
                    <TextEquiv>
                        <Unicode>si</Unicode>
                    </TextEquiv>
                </Word>
                <Word id="r1l21_w5" custom="readingOrder {index:4;}">
                    <Coords points="795,1444 795,1504 870,1504 870,1444"/>
                    <TextEquiv>
                        <Unicode>num</Unicode>
                    </TextEquiv>
                </Word>
                <Word id="r1l21_w6" custom="readingOrder {index:5;}">
                    <Coords points="937,1451 937,1511 993,1511 993,1451"/>
                    <TextEquiv>
                        <Unicode>que</Unicode>
                    </TextEquiv>
                </Word>
                <Word id="r1l21_w7" custom="readingOrder {index:6;}">
                    <Coords points="1013,1457 1013,1517 1097,1517 1097,1457"/>
                    <TextEquiv>
                        <Unicode>regia</Unicode>
                    </TextEquiv>
                </Word>
                <Word id="r1l21_w8" custom="readingOrder {index:7;}">
                    <Coords points="1145,1465 1145,1525 1277,1525 1277,1465"/>
                    <TextEquiv>
                        <Unicode>conux</Unicode>
                    </TextEquiv>
                </Word>
                <TextEquiv>
                    <Unicode>Turpe tibi fuerit, si nunc, quae regia coniux</Unicode>
                </TextEquiv>
            </TextLine>
            <TextLine id="r1l22" custom="readingOrder {index:19;}">
                <Coords points="326,1566 389,1579 419,1558 492,1572 525,1551 542,1564 631,1552 667,1584 699,1559 724,1572 768,1567 819,1579 845,1607 895,1603 949,1571 1012,1582 1038,1571 1138,1583 1182,1628 1252,1588 1283,1595 1285,1555 1219,1530 1186,1556 1046,1493 1030,1509 1002,1500 960,1523 941,1514 900,1538 851,1510 802,1535 774,1514 743,1531 659,1531 642,1515 563,1524 489,1501 463,1518 404,1514 380,1536 343,1521 327,1529 326,1566"/>
                <Baseline points="333,1556 380,1553 427,1551 474,1550 521,1549 568,1549 615,1549 663,1550 710,1551 757,1553 804,1555 851,1557 898,1560 945,1563 993,1566 1040,1568 1087,1571 1134,1575 1181,1578 1228,1581 1276,1583"/>
                <Word id="r1l22_w1" custom="readingOrder {index:0;}">
                    <Coords points="335,1514 335,1574 392,1574 392,1514"/>
                    <TextEquiv>
                        <Unicode>Ed</Unicode>
                    </TextEquiv>
                </Word>
                <Word id="r1l22_w2" custom="readingOrder {index:1;}">
                    <Coords points="441,1509 441,1569 508,1569 508,1509"/>
                    <TextEquiv>
                        <Unicode>tibi</Unicode>
                    </TextEquiv>
                </Word>
                <Word id="r1l22_w3" custom="readingOrder {index:2;}">
                    <Coords points="538,1509 538,1569 605,1569 605,1509"/>
                    <TextEquiv>
                        <Unicode>non</Unicode>
                    </TextEquiv>
                </Word>
                <Word id="r1l22_w4" custom="readingOrder {index:3;}">
                    <Coords points="654,1511 654,1571 770,1571 770,1511"/>
                    <TextEquiv>
                        <Unicode>parna</Unicode>
                    </TextEquiv>
                </Word>
                <Word id="r1l22_w5" custom="readingOrder {index:4;}">
                    <Coords points="839,1519 839,1579 955,1579 955,1519"/>
                    <TextEquiv>
                        <Unicode>parta</Unicode>
                    </TextEquiv>
                </Word>
                <Word id="r1l22_w6" custom="readingOrder {index:5;}">
                    <Coords points="1004,1530 1004,1590 1139,1590 1139,1530"/>
                    <TextEquiv>
                        <Unicode>labore</Unicode>
                    </TextEquiv>
                </Word>
                <Word id="r1l22_w7" custom="readingOrder {index:6;}">
                    <Coords points="1187,1541 1187,1601 1274,1601 1274,1541"/>
                    <TextEquiv>
                        <Unicode>fui¬</Unicode>
                    </TextEquiv>
                </Word>
                <TextEquiv>
                    <Unicode>Et tibi non parvo parta labore fui,</Unicode>
                </TextEquiv>
            </TextLine>
            <TextLine id="line_1615540577804_5420" custom="readingOrder {index:20;}">
                <Coords points="257,1578 317,1570 677,1547 1248,1593 1362,1611 1445,1633 1443,1706 494,1680 254,1667"/>
                <Baseline points="263,1632 321,1630 380,1628 438,1627 497,1626 556,1626 614,1626 673,1627 732,1628 790,1629 849,1631 908,1633 966,1636 1025,1639 1084,1643 1142,1647 1201,1652 1260,1657 1318,1661 1377,1668 1436,1674 521,1597 556,1594 575,1596 606,1598 637,1597 669,1598"/>
                <Word id="r1l23_w1" custom="readingOrder {index:0;}">
                    <Coords points="523,1555 523,1615 555,1615 555,1555"/>
                    <TextEquiv>
                        <Unicode>16</Unicode>
                    </TextEquiv>
                </Word>
                <Word id="r1l24_w1" custom="readingOrder {index:1;}">
                    <Coords points="570,1557 570,1617 635,1617 635,1557"/>
                    <TextEquiv>
                        <Unicode>nen</Unicode>
                    </TextEquiv>
                </Word>
                <Word id="r1l25_w1" custom="readingOrder {index:2;}">
                    <Coords points="269,1588 269,1648 458,1648 458,1588"/>
                    <TextEquiv>
                        <Unicode>Alterius</Unicode>
                    </TextEquiv>
                </Word>
                <Word id="r1l25_w2" custom="readingOrder {index:3;}">
                    <Coords points="492,1586 492,1646 656,1646 656,1586"/>
                    <TextEquiv>
                        <Unicode>femlen</Unicode>
                    </TextEquiv>
                </Word>
                <Word id="r1l25_w3" custom="readingOrder {index:4;}">
                    <Coords points="715,1591 715,1651 990,1651 990,1591"/>
                    <TextEquiv>
                        <Unicode>thalames,</Unicode>
                    </TextEquiv>
                </Word>
                <Word id="r1l25_w4" custom="readingOrder {index:5;}">
                    <Coords points="1007,1598 1007,1658 1041,1658 1041,1598"/>
                    <TextEquiv>
                        <Unicode>in</Unicode>
                    </TextEquiv>
                </Word>
                <Word id="r1l25_w5" custom="readingOrder {index:6;}">
                    <Coords points="1076,1603 1076,1663 1110,1663 1110,1603"/>
                    <TextEquiv>
                        <Unicode>si</Unicode>
                    </TextEquiv>
                </Word>
                <Word id="r1l25_w6" custom="readingOrder {index:7;}">
                    <Coords points="1136,1610 1136,1670 1239,1670 1239,1610"/>
                    <TextEquiv>
                        <Unicode>mihi</Unicode>
                    </TextEquiv>
                </Word>
                <Word id="r1l25_w7" custom="readingOrder {index:8;}">
                    <Coords points="1265,1624 1265,1684 1436,1684 1436,1624"/>
                    <TextEquiv>
                        <Unicode>credis.</Unicode>
                    </TextEquiv>
                </Word>
                <TextEquiv>
                    <Unicode>Alterius subeam thalamos, tu si mihi credis,</Unicode>
                </TextEquiv>
            </TextLine>
            <TextLine id="r1l26" custom="readingOrder {index:21;}">
                <Coords points="315,1746 387,1723 450,1753 477,1744 547,1763 643,1707 684,1724 716,1708 791,1739 822,1722 869,1739 899,1717 930,1738 1005,1732 1065,1770 1141,1771 1219,1725 1275,1737 1275,1691 1237,1677 1210,1700 1159,1702 1108,1675 1057,1696 931,1647 896,1655 867,1683 807,1665 732,1682 596,1668 569,1684 528,1673 502,1689 441,1692 372,1657 316,1688 315,1746"/>
                <Baseline points="323,1718 370,1714 417,1710 464,1707 512,1705 559,1704 606,1703 653,1702 701,1703 748,1703 795,1705 842,1706 890,1707 937,1710 984,1712 1031,1714 1079,1717 1126,1720 1173,1722 1220,1724 1268,1727"/>
                <Word id="r1l26_w1" custom="readingOrder {index:0;}">
                    <Coords points="337,1668 337,1728 538,1728 538,1668"/>
                    <TextEquiv>
                        <Unicode>Commpio</Unicode>
                    </TextEquiv>
                </Word>
                <Word id="r1l26_w2" custom="readingOrder {index:1;}">
                    <Coords points="582,1662 582,1722 749,1722 749,1662"/>
                    <TextEquiv>
                        <Unicode>remones</Unicode>
                    </TextEquiv>
                </Word>
                <Word id="r1l26_w3" custom="readingOrder {index:2;}">
                    <Coords points="795,1666 795,1726 961,1726 961,1666"/>
                    <TextEquiv>
                        <Unicode>tradita</Unicode>
                    </TextEquiv>
                </Word>
                <Word id="r1l26_w4" custom="readingOrder {index:3;}">
                    <Coords points="1017,1676 1017,1736 1128,1736 1128,1676"/>
                    <TextEquiv>
                        <Unicode>regna</Unicode>
                    </TextEquiv>
                </Word>
                <Word id="r1l26_w5" custom="readingOrder {index:4;}">
                    <Coords points="1172,1684 1172,1744 1272,1744 1272,1684"/>
                    <TextEquiv>
                        <Unicode>meo¬</Unicode>
                    </TextEquiv>
                </Word>
                <TextEquiv>
                    <Unicode>Coniugio renoves tradita regna meo.</Unicode>
                </TextEquiv>
            </TextLine>
            <TextLine id="r1l27" custom="readingOrder {index:22;}">
                <Coords points="266,1805 423,1833 460,1826 497,1795 573,1811 594,1792 620,1803 637,1788 727,1788 809,1814 839,1794 874,1794 964,1844 1014,1841 1040,1862 1089,1834 1115,1852 1157,1841 1225,1878 1321,1835 1425,1861 1428,1772 1402,1763 1375,1778 1333,1754 1286,1758 1260,1744 1194,1771 1172,1755 1093,1783 1031,1748 989,1756 949,1738 907,1762 828,1762 774,1725 740,1734 702,1716 654,1741 611,1732 532,1757 396,1739 379,1752 321,1723 281,1723 269,1727 266,1805"/>
                <Baseline points="274,1787 331,1784 388,1780 445,1779 503,1777 560,1777 617,1778 674,1779 732,1781 789,1783 846,1785 903,1788 961,1792 1018,1796 1075,1800 1132,1805 1190,1809 1247,1814 1304,1818 1361,1822 1419,1826"/>
                <Word id="r1l27_w1" custom="readingOrder {index:0;}">
                    <Coords points="278,1745 278,1805 324,1805 324,1745"/>
                    <TextEquiv>
                        <Unicode>te</Unicode>
                    </TextEquiv>
                </Word>
                <Word id="r1l27_w2" custom="readingOrder {index:1;}">
                    <Coords points="347,1740 347,1800 417,1800 417,1740"/>
                    <TextEquiv>
                        <Unicode>rego</Unicode>
                    </TextEquiv>
                </Word>
                <Word id="r1l27_w3" custom="readingOrder {index:2;}">
                    <Coords points="452,1737 452,1797 522,1797 522,1737"/>
                    <TextEquiv>
                        <Unicode>per</Unicode>
                    </TextEquiv>
                </Word>
                <Word id="r1l27_w4" custom="readingOrder {index:3;}">
                    <Coords points="556,1738 556,1798 731,1798 731,1738"/>
                    <TextEquiv>
                        <Unicode>meritum</Unicode>
                    </TextEquiv>
                </Word>
                <Word id="r1l27_w5" custom="readingOrder {index:4;}">
                    <Coords points="799,1746 799,1806 961,1806 961,1746"/>
                    <TextEquiv>
                        <Unicode>meriti</Unicode>
                    </TextEquiv>
                </Word>
                <Word id="r1l27_w6" custom="readingOrder {index:5;}">
                    <Coords points="985,1754 985,1814 1020,1814 1020,1754"/>
                    <TextEquiv>
                        <Unicode>si</Unicode>
                    </TextEquiv>
                </Word>
                <Word id="r1l27_w7" custom="readingOrder {index:6;}">
                    <Coords points="1043,1762 1043,1822 1170,1822 1170,1762"/>
                    <TextEquiv>
                        <Unicode>gratia</Unicode>
                    </TextEquiv>
                </Word>
                <Word id="r1l27_w8" custom="readingOrder {index:7;}">
                    <Coords points="1206,1775 1206,1835 1322,1835 1322,1775"/>
                    <TextEquiv>
                        <Unicode>qudam</Unicode>
                    </TextEquiv>
                </Word>
                <Word id="r1l27_w9" custom="readingOrder {index:8;}">
                    <Coords points="1356,1782 1356,1842 1367,1842 1367,1782"/>
                    <TextEquiv>
                        <Unicode>c</Unicode>
                    </TextEquiv>
                </Word>
                <TextEquiv>
                    <Unicode>Te rogo per meritum ( meriti si gratia quaedam est )</Unicode>
                </TextEquiv>
            </TextLine>
            <TextLine id="r1l28" custom="readingOrder {index:23;}">
                <Coords points="316,1868 502,1896 552,1864 596,1902 640,1866 708,1900 757,1875 821,1891 849,1915 916,1876 989,1900 1045,1883 1152,1922 1184,1919 1186,1866 1107,1851 1092,1834 1038,1859 905,1819 863,1833 796,1805 706,1812 650,1786 549,1823 525,1812 418,1834 375,1817 318,1820 316,1868"/>
                <Baseline points="323,1859 365,1855 408,1853 451,1851 494,1849 536,1849 579,1849 622,1849 665,1851 707,1853 750,1855 793,1857 836,1860 878,1863 921,1866 964,1869 1007,1873 1049,1876 1092,1879 1135,1883 1178,1886"/>
                <Word id="r1l28_w1" custom="readingOrder {index:0;}">
                    <Coords points="335,1815 335,1875 395,1875 395,1815"/>
                    <TextEquiv>
                        <Unicode>Et</Unicode>
                    </TextEquiv>
                </Word>
                <Word id="r1l28_w2" custom="readingOrder {index:1;}">
                    <Coords points="435,1811 435,1871 464,1871 464,1811"/>
                    <TextEquiv>
                        <Unicode>pro</Unicode>
                    </TextEquiv>
                </Word>
                <Word id="r1l28_w3" custom="readingOrder {index:2;}">
                    <Coords points="485,1809 485,1869 665,1869 665,1809"/>
                    <TextEquiv>
                        <Unicode>promissi</Unicode>
                    </TextEquiv>
                </Word>
                <Word id="r1l28_w4" custom="readingOrder {index:3;}">
                    <Coords points="694,1814 694,1874 805,1874 805,1814"/>
                    <TextEquiv>
                        <Unicode>facda</Unicode>
                    </TextEquiv>
                </Word>
                <Word id="r1l28_w5" custom="readingOrder {index:4;}">
                    <Coords points="855,1826 855,1886 995,1886 995,1826"/>
                    <TextEquiv>
                        <Unicode>sancta</Unicode>
                    </TextEquiv>
                </Word>
                <Word id="r1l28_w6" custom="readingOrder {index:5;}">
                    <Coords points="1055,1841 1055,1901 1184,1901 1184,1841"/>
                    <TextEquiv>
                        <Unicode>thori.</Unicode>
                    </TextEquiv>
                </Word>
                <TextEquiv>
                    <Unicode>Et per promissi foedera sancta thori.</Unicode>
                </TextEquiv>
            </TextLine>
            <TextLine id="r1l29" custom="readingOrder {index:24;}">
                <Coords points="268,1955 309,1932 330,1947 368,1934 411,1946 443,1929 475,1944 583,1933 640,1969 699,1948 759,1962 784,1986 864,1960 895,1987 926,1984 967,2006 1099,1954 1130,1979 1179,1970 1213,1994 1278,1988 1374,2018 1381,1880 1274,1907 1200,1899 1150,1922 1114,1907 1085,1931 1048,1935 956,1918 928,1894 896,1915 840,1913 819,1891 759,1876 709,1900 635,1876 595,1902 538,1869 489,1905 469,1885 404,1893 348,1866 273,1859 268,1955"/>
                <Baseline points="277,1930 331,1929 386,1928 440,1927 495,1927 550,1928 604,1928 659,1930 713,1932 768,1934 823,1937 877,1941 932,1944 986,1948 1041,1952 1096,1957 1150,1962 1205,1968 1259,1974 1314,1981 1369,1988"/>
                <Word id="r1l29_w1" custom="readingOrder {index:0;}">
                    <Coords points="302,1887 302,1947 475,1947 475,1887"/>
                    <TextEquiv>
                        <Unicode>Mortuus</Unicode>
                    </TextEquiv>
                </Word>
                <Word id="r1l29_w2" custom="readingOrder {index:1;}">
                    <Coords points="520,1887 520,1947 575,1947 575,1887"/>
                    <TextEquiv>
                        <Unicode>hoc</Unicode>
                    </TextEquiv>
                </Word>
                <Word id="r1l29_w3" custom="readingOrder {index:2;}">
                    <Coords points="611,1890 611,1950 728,1950 728,1890"/>
                    <TextEquiv>
                        <Unicode>optat</Unicode>
                    </TextEquiv>
                </Word>
                <Word id="r1l29_w4" custom="readingOrder {index:3;}">
                    <Coords points="774,1898 774,1958 910,1958 910,1898"/>
                    <TextEquiv>
                        <Unicode>frater</Unicode>
                    </TextEquiv>
                </Word>
                <Word id="r1l29_w5" custom="readingOrder {index:4;}">
                    <Coords points="955,1907 955,1967 1009,1967 1009,1907"/>
                    <TextEquiv>
                        <Unicode>qui</Unicode>
                    </TextEquiv>
                </Word>
                <Word id="r1l29_w6" custom="readingOrder {index:5;}">
                    <Coords points="1036,1916 1036,1976 1136,1976 1136,1916"/>
                    <TextEquiv>
                        <Unicode>resus</Unicode>
                    </TextEquiv>
                </Word>
                <Word id="r1l29_w7" custom="readingOrder {index:6;}">
                    <Coords points="1172,1926 1172,1986 1209,1986 1209,1926"/>
                    <TextEquiv>
                        <Unicode>ab</Unicode>
                    </TextEquiv>
                </Word>
                <Word id="r1l29_w8" custom="readingOrder {index:7;}">
                    <Coords points="1245,1938 1245,1998 1345,1998 1345,1938"/>
                    <TextEquiv>
                        <Unicode>loste</Unicode>
                    </TextEquiv>
                </Word>
                <TextEquiv>
                    <Unicode>Mortuus hoc optat frater qui caesus ab hoste</Unicode>
                </TextEquiv>
            </TextLine>
            <TextLine id="r1l30" custom="readingOrder {index:25;}">
                <Coords points="348,2034 450,2010 513,2053 562,2016 610,2026 644,2055 673,2061 710,2040 758,2065 791,2040 814,2046 858,2026 998,2061 1019,2045 1089,2045 1133,2065 1233,2058 1261,2077 1317,2083 1372,2067 1396,2076 1399,2011 1350,2019 1300,1995 1263,2015 1228,2009 1193,1980 1156,2012 1132,2012 1074,1977 961,2005 883,1976 784,1985 737,1957 638,1974 564,1956 532,1978 461,1970 437,1985 380,1949 353,1949 348,2034"/>
                <Baseline points="357,2008 408,2007 460,2006 511,2006 563,2006 615,2006 666,2008 718,2009 769,2012 821,2014 873,2017 924,2021 976,2025 1027,2030 1079,2034 1131,2039 1182,2043 1234,2049 1285,2055 1337,2061 1389,2066"/>
                <Word id="r1l30_w1" custom="readingOrder {index:0;}">
                    <Coords points="354,1967 354,2027 450,2027 450,1967"/>
                    <TextEquiv>
                        <Unicode>Cum</Unicode>
                    </TextEquiv>
                </Word>
                <Word id="r1l30_w2" custom="readingOrder {index:1;}">
                    <Coords points="507,1966 507,2026 611,2026 611,1966"/>
                    <TextEquiv>
                        <Unicode>patre</Unicode>
                    </TextEquiv>
                </Word>
                <Word id="r1l30_w3" custom="readingOrder {index:2;}">
                    <Coords points="660,1968 660,2028 724,2028 724,1968"/>
                    <TextEquiv>
                        <Unicode>pro</Unicode>
                    </TextEquiv>
                </Word>
                <Word id="r1l30_w4" custom="readingOrder {index:3;}">
                    <Coords points="756,1974 756,2034 893,2034 893,1974"/>
                    <TextEquiv>
                        <Unicode>patria</Unicode>
                    </TextEquiv>
                </Word>
                <Word id="r1l30_w5" custom="readingOrder {index:4;}">
                    <Coords points="941,1989 941,2049 1111,2049 1111,1989"/>
                    <TextEquiv>
                        <Unicode>concidit</Unicode>
                    </TextEquiv>
                </Word>
                <Word id="r1l30_w6" custom="readingOrder {index:5;}">
                    <Coords points="1159,2004 1159,2064 1239,2064 1239,2004"/>
                    <TextEquiv>
                        <Unicode>ante</Unicode>
                    </TextEquiv>
                </Word>
                <Word id="r1l30_w7" custom="readingOrder {index:6;}">
                    <Coords points="1280,2021 1280,2081 1400,2081 1400,2021"/>
                    <TextEquiv>
                        <Unicode>diem.</Unicode>
                    </TextEquiv>
                </Word>
                <TextEquiv>
                    <Unicode>Cum patre pro patria concidit ante diem.</Unicode>
                </TextEquiv>
            </TextLine>
            <TextLine id="r1l31" custom="readingOrder {index:26;}">
                <Coords points="257,2097 322,2123 378,2123 420,2107 444,2115 474,2091 587,2089 604,2076 619,2093 664,2081 781,2120 840,2092 894,2116 1024,2108 1068,2146 1121,2146 1151,2167 1226,2134 1379,2180 1409,2168 1413,2087 1272,2108 1255,2092 1209,2100 1161,2059 1131,2066 1089,2044 999,2061 977,2050 927,2071 838,2035 775,2067 701,2043 674,2061 516,2060 434,2027 356,2035 303,2018 260,2035 257,2097"/>
                <Baseline points="265,2080 321,2078 378,2077 435,2077 492,2077 549,2079 606,2080 663,2083 720,2085 777,2089 834,2092 890,2096 947,2100 1004,2105 1061,2108 1118,2113 1175,2118 1232,2123 1289,2127 1346,2132 1403,2135"/>
                <Word id="r1l31_w1" custom="readingOrder {index:0;}">
                    <Coords points="269,2038 269,2098 349,2098 349,2038"/>
                    <TextEquiv>
                        <Unicode>Et</Unicode>
                    </TextEquiv>
                </Word>
                <Word id="r1l31_w2" custom="readingOrder {index:1;}">
                    <Coords points="396,2037 396,2097 430,2097 430,2037"/>
                    <TextEquiv>
                        <Unicode>si</Unicode>
                    </TextEquiv>
                </Word>
                <Word id="r1l31_w3" custom="readingOrder {index:2;}">
                    <Coords points="464,2037 464,2097 568,2097 568,2037"/>
                    <TextEquiv>
                        <Unicode>nemo</Unicode>
                    </TextEquiv>
                </Word>
                <Word id="r1l31_w4" custom="readingOrder {index:3;}">
                    <Coords points="615,2043 615,2103 719,2103 719,2043"/>
                    <TextEquiv>
                        <Unicode>rovet</Unicode>
                    </TextEquiv>
                </Word>
                <Word id="r1l31_w5" custom="readingOrder {index:4;}">
                    <Coords points="799,2053 799,2113 903,2113 903,2053"/>
                    <TextEquiv>
                        <Unicode>iubet</Unicode>
                    </TextEquiv>
                </Word>
                <Word id="r1l31_w6" custom="readingOrder {index:5;}">
                    <Coords points="937,2062 937,2122 1007,2122 1007,2062"/>
                    <TextEquiv>
                        <Unicode>hoc</Unicode>
                    </TextEquiv>
                </Word>
                <Word id="r1l31_w7" custom="readingOrder {index:6;}">
                    <Coords points="1041,2068 1041,2128 1088,2128 1088,2068"/>
                    <TextEquiv>
                        <Unicode>tn</Unicode>
                    </TextEquiv>
                </Word>
                <Word id="r1l31_w8" custom="readingOrder {index:7;}">
                    <Coords points="1133,2077 1133,2137 1215,2137 1215,2077"/>
                    <TextEquiv>
                        <Unicode>ipsa</Unicode>
                    </TextEquiv>
                </Word>
                <Word id="r1l31_w9" custom="readingOrder {index:8;}">
                    <Coords points="1260,2091 1260,2151 1410,2151 1410,2091"/>
                    <TextEquiv>
                        <Unicode>mariti</Unicode>
                    </TextEquiv>
                </Word>
                <TextEquiv>
                    <Unicode>Et si nemo roget, iubet hoc tamen ipsa mariti</Unicode>
                </TextEquiv>
            </TextLine>
            <TextLine id="line_1615540640814_5441" custom="readingOrder {index:27;}">
                <Coords points="351,2113 489,2095 621,2083 664,2081 1194,2143 1269,2171 1268,2198 1123,2235 637,2211 380,2185 319,2167 321,2129"/>
                <Baseline points="327,2159 373,2156 420,2154 467,2153 513,2153 560,2153 607,2154 653,2156 700,2158 747,2160 794,2164 840,2166 887,2170 934,2173 980,2177 1027,2180 1074,2184 1120,2187 1167,2191 1214,2193 1261,2196 495,2118 524,2118 553,2121 582,2123 611,2122"/>
                <Word id="r1l32_w1" custom="readingOrder {index:0;}">
                    <Coords points="493,2079 493,2139 581,2139 581,2079"/>
                    <TextEquiv>
                        <Unicode>mihi</Unicode>
                    </TextEquiv>
                </Word>
                <Word id="r1l33_w1" custom="readingOrder {index:1;}">
                    <Coords points="337,2114 337,2174 475,2174 475,2114"/>
                    <TextEquiv>
                        <Unicode>Quam</Unicode>
                    </TextEquiv>
                </Word>
                <Word id="r1l33_w2" custom="readingOrder {index:2;}">
                    <Coords points="543,2114 543,2174 690,2174 690,2114"/>
                    <TextEquiv>
                        <Unicode>punsti</Unicode>
                    </TextEquiv>
                </Word>
                <Word id="r1l33_w3" custom="readingOrder {index:3;}">
                    <Coords points="739,2123 739,2183 827,2183 827,2123"/>
                    <TextEquiv>
                        <Unicode>vite</Unicode>
                    </TextEquiv>
                </Word>
                <Word id="r1l33_w4" custom="readingOrder {index:4;}">
                    <Coords points="866,2135 866,2195 1052,2195 1052,2135"/>
                    <TextEquiv>
                        <Unicode>terenda</Unicode>
                    </TextEquiv>
                </Word>
                <Word id="r1l33_w5" custom="readingOrder {index:5;}">
                    <Coords points="1111,2151 1111,2211 1268,2211 1268,2151"/>
                    <TextEquiv>
                        <Unicode>fides.</Unicode>
                    </TextEquiv>
                </Word>
                <TextEquiv>
                    <Unicode>Quam mihi promîsti, rite tenenda fides.</Unicode>
                </TextEquiv>
            </TextLine>
            <TextEquiv>
                <Unicode>DAVIDI
Et qui me miseram vexat, inultus erit?
Hei data sum quia sic fuerat sententia patris
Diversum frater, mater et ipsa fui.
Quid cessas igitur? quid nos tam tempore longo
Distrahis? o animę maxima cura meae.
In tua iura veni: si te pia numina tangunt
Quę nos iunxerunt, in tua iura veni.
Qui poteras exul captas reparare puellas
Cum raperet nostras barbara turba nurus
Nunc victor solio, sceptris regnisque potitus
Non potes in thalamos me rapuisse tuos?
Quid Ioab immani genus atterit ense paternum?
Quin mage pro nobis arma cruenta gerit?
Quid tamen arma gerat? pro nobis milite multo
Non opus est, qui me liberet, unus erit.
Me tibi coniungas, regnum tibi iunxeris omne
Nam poterit coram fratre valere soror.
Turpe tibi fuerit, si nunc, quae regia coniux
Et tibi non parvo parta labore fui,
Alterius subeam thalamos, tu si mihi credis,
Coniugio renoves tradita regna meo.
Te rogo per meritum ( meriti si gratia quaedam est )
Et per promissi foedera sancta thori.
Mortuus hoc optat frater qui caesus ab hoste
Cum patre pro patria concidit ante diem.
Et si nemo roget, iubet hoc tamen ipsa mariti
Quam mihi promîsti, rite tenenda fides.</Unicode>
            </TextEquiv>
        </TextRegion>
    </Page>
</PcGts>
