2000 2581
512 151 743 211 Coniugis,
771 151 945 211 accedens
974 154 1128 214 luctum
1167 158 1369 218 caussasque
1389 162 1552 222 requirit

506 225 598 285 Htes
645 219 765 279 faciem
818 216 957 276 tollens
998 217 1210 277 lactregmns
1250 222 1297 282 hic
1330 224 1409 284 fate
1442 230 1595 290 obortis.

462 292 521 352 Ohi
545 288 645 348 decus
679 282 846 342 exregium
904 278 1004 338 nobis
1038 278 1255 338 rolumens
1296 285 1446 345 demore

531 351 706 411 Adduxti
735 342 926 402 famulum
984 340 1109 400 imper
1145 341 1358 401 mertatus
1387 346 1555 406 Hebreum

508 413 594 473 Qi
658 406 721 466 ino
761 402 895 462 vesamu
934 399 1069 459 nostri
1108 399 1306 459 correptus
1337 404 1503 464 amore,

519 478 602 538 prob
641 468 793 528 pudor,
815 460 975 520 inuasit
1013 458 1226 518 inseram,
1248 462 1453 522 rastumque
1469 471 1582 531 nubile

522 539 728 599 Standere
753 528 944 588 tentanit
985 525 1150 585 pribusa
1201 526 1209 586 e
1266 530 1424 590 viribus
1466 539 1540 599 vsns

523 599 614 659 Num
681 596 814 656 eterm
871 593 1013 653 muitae
1045 592 1154 652 poste
1212 593 1270 653 non
1320 603 1585 663 vimerevstis

518 663 699 723 Dunnit
759 657 974 717 arripiens
1027 655 1161 715 voluit
1222 656 1369 716 violare
1409 667 1603 727 pudoren.

520 733 573 793 Se
606 727 774 787 luctata
813 723 867 783 diu
920 722 1108 782 famulos
1148 723 1322 783 camore
1362 725 1475 785 vocam

515 796 570 856 Ad
609 790 775 850 quorum
830 785 1051 845 aduentum
1099 786 1289 846 confugit
1328 792 1501 852 territus
1533 798 1604 858 ipse

532 856 613 916 Hoc
653 850 817 910 norvent
864 848 1054 908 famuli,
1074 850 1129 910 sed
1163 851 1196 911 et
1223 855 1339 915 huius
1366 860 1495 920 consria
1529 866 1637 926 vestis

526 916 642 976 Quam
684 914 783 974 scelus
816 913 1006 973 moratum
1057 915 1214 975 fugiers
1247 919 1330 979 mic
1363 923 1454 983 inde
1480 931 1620 991 reliqit.

459 980 654 1040 Erarsit
686 977 768 1037 dnus
784 978 962 1038 reudelia
1002 983 1181 1043 crimina
1222 983 1295 1043 ferm

511 1040 779 1100 Percipiens,
805 1040 1014 1100 lachrymas
1048 1044 1107 1104 illi
1132 1048 1174 1108 quae
1191 1052 1326 1112 dixerat
1367 1060 1451 1120 vxor

526 1103 655 1163 sampt
687 1103 799 1163 rubet
848 1104 1000 1164 vultus
1056 1107 1120 1167 iam
1185 1113 1337 1173 Hamas
1361 1121 1507 1181 tmna
1538 1133 1691 1193 spirant

518 1168 700 1228 Exatuit
737 1167 874 1227 derites
919 1168 1040 1228 velut
1071 1172 1138 1232 ira
1177 1177 1313 1237 paecitus
1343 1183 1457 1243 aper,

510 1236 565 1296 Et
605 1233 660 1293 mo
701 1232 740 1292 si
772 1231 883 1291 prasens
915 1232 1002 1292 esset
1049 1235 1209 1295 laniare
1240 1240 1415 1300 paratus

518 1298 691 1358 Insontem
740 1295 864 1355 tanto
896 1296 1144 1356 exagitanter
1168 1300 1275 1360 corda
1309 1308 1440 1368 furore

517 1371 609 1431 ttim
676 1363 793 1423 addit
826 1362 1036 1422 stimulos
1069 1366 1236 1426 comux
1262 1372 1328 1432 &amp;
1346 1375 1354 1435 s
1379 1380 1479 1440 ponte
1513 1392 1663 1452 furente

534 1428 687 1488 mcitat
751 1427 808 1487 &amp;
832 1428 985 1488 tandem
1033 1432 1204 1492 teridere
1236 1440 1421 1500 Cupidinis
1453 1451 1590 1511 ignes.

523 1499 590 1559 Et
613 1492 781 1552 famas
815 1489 950 1549 roeras
984 1490 1086 1550 odijs
1119 1497 1299 1557 mutant
1334 1508 1457 1568 etire

528 1561 618 1621 Nox
645 1555 745 1615 inbet
781 1553 908 1613 addum
945 1555 1181 1615 mniserum,
1199 1558 1245 1618 quad
1254 1562 1363 1622 digna
1408 1570 1589 1630 rependat

538 1624 729 1684 Supplicia
771 1619 961 1679 infaelis,
982 1622 1201 1682 lategmis
1223 1627 1285 1687 &amp;
1300 1632 1476 1692 coniugis
1505 1636 1561 1696 ira

528 1688 700 1748 Deceptus
729 1682 822 1742 dequse
843 1681 1044 1741 miminul
1066 1683 1123 1743 iii
1159 1686 1317 1746 credidit
1353 1689 1517 1749 amnus.

524 1748 743 1808 Adductus
783 1745 932 1805 tandem
979 1746 1230 1806 lactrigmans
1269 1750 1434 1810 aduenit
1474 1754 1599 1814 Poseph.

535 1816 628 1876 Atque
652 1813 699 1873 aio
730 1810 870 1870 taritus
902 1810 1090 1870 cepitat,
1105 1812 1176 1872 quo
1207 1813 1371 1873 crimina
1410 1814 1504 1874 possit

512 1877 713 1937 Excusare
747 1872 897 1932 modo,
923 1873 990 1933 nec
1032 1874 1098 1934 siit
1133 1876 1174 1936 qua
1191 1878 1274 1938 fata
1309 1881 1559 1941 manerent.

453 1941 558 2001 Num
613 1938 676 1998 vbi
704 1937 892 1997 conspexit
934 1938 1143 1998 venientem
1192 1942 1359 2002 Putiphar
1394 1943 1477 2003 altis

533 2007 696 2067 Voribus
733 2002 925 2062 extlamat
977 2002 1073 2062 Qux
1110 2003 1140 2063 te
1169 2005 1288 2065 prob,
1303 2007 1406 2067 quaefide
1436 2011 1539 2071 tanta

528 2071 725 2131 Exavitat
781 2070 907 2130 rabios
977 2070 1027 2130 quae
1041 2070 1076 2130 te
1104 2072 1314 2132 dementia
1357 2076 1476 2136 vexat

535 2140 612 2200 Prob
648 2137 753 2197 saelus
796 2135 1075 2195 infandum,
1092 2135 1214 2195 nostre
1241 2137 1380 2197 violare
1415 2140 1589 2200 pudorem
