2000 2581
278 136 364 196 Veque
379 134 494 194 nenus
531 133 669 193 relsum
719 135 863 195 petiit,
885 138 1037 198 vestigia
1066 140 1167 200 nulla

270 195 442 255 Inuenit
485 194 692 254 infaelix,
715 197 778 257 nec
822 202 922 262 eedis
951 206 1073 266 conscia
1102 210 1216 270 sient.

280 261 367 321 Mox
404 258 557 318 linquit
602 259 748 319 mentes
792 264 923 324 obliquo
952 271 1120 331 tramite
1150 278 1303 338 roenis,

285 328 468 388 Eerans,
485 325 534 385 per
568 325 693 385 spluas
734 329 868 389 redit
909 337 1109 397 camposque
1142 344 1358 404 viventes.

272 399 390 459 Hinc
437 393 603 453 fratres
642 393 784 453 querit
839 398 1005 458 ven,
1028 404 1123 464 quos
1170 408 1218 468 vt
1249 412 1328 472 puil
1351 416 1486 476 asfirit
1509 418 1572 478 ille

280 466 473 526 Accuerit
510 459 768 519 trepidus,
795 464 999 524 postquam
1054 473 1247 533 comunia
1294 480 1394 540 vidit

282 529 411 589 Regia
465 528 492 588 et
532 527 716 587 ardenti
750 530 1002 590 sprimentia
1056 540 1185 600 porula
1225 549 1321 609 vimo

278 597 425 657 Exiliit
468 592 668 652 damans
711 594 859 654 alte,
867 597 944 657 tum
1006 604 1127 664 talia
1170 613 1291 673 fatur.

232 677 335 737 Prati
352 669 463 729 sielus
498 665 515 725 o
549 664 737 724 fratres,
763 664 831 724 quoe
857 666 917 726 vos
951 670 1071 730 mala
1114 677 1242 737 vexat
1277 684 1458 744 Tepinis.

293 734 481 794 Quime
514 731 608 791 dens
648 730 769 790 tanta
822 732 970 792 retinet
1010 737 1184 797 raligine
1218 745 1352 805 pectus

271 807 369 867 Eue
403 800 598 860 relictus
653 797 736 857 enim
799 799 911 859 teox
952 804 1056 864 inter
1104 812 1258 872 viscera
1299 823 1424 883 frater

290 876 385 936 Non
427 868 557 928 meint
609 864 756 924 atrores
817 865 895 925 non
937 868 1015 928 eins
1067 876 1232 936 tristia
1283 891 1378 951 sata

287 939 533 999 Extervent
581 933 716 993 aus,
740 935 907 995 residet
954 941 994 1001 quae
1018 945 1138 1005 tanta
1193 956 1336 1016 Cupido

1440 1007 1451 1067 5
297 1008 509 1068 dectore,
525 1004 602 1064 que
636 1002 772 1062 coppus
815 1004 925 1064 vebis
976 1014 1213 1074 mentemque
1240 1030 1392 1090 relaxat

292 1074 396 1134 Nunc
435 1069 539 1129 etenim
596 1068 700 1128 fratri
726 1068 856 1128 cupiens
901 1073 1090 1133 reparare
1128 1081 1258 1141 salutem

300 1142 350 1202 Ad
383 1135 524 1195 puteum
583 1131 691 1191 venio
724 1132 899 1192 trepidus
941 1137 1049 1197 Cmea
1090 1144 1232 1204 pectora
1265 1150 1389 1210 namue

306 1202 471 1262 Domonet
506 1194 637 1254 afflicti
663 1195 750 1255 casus
811 1199 959 1259 durique
976 1203 1159 1263 labores)

317 1266 450 1326 Quis
485 1262 617 1322 tamen
653 1263 873 1323 abstulerit
918 1271 1121 1331 fratrem,
1138 1277 1201 1337 quo
1227 1280 1360 1340 denique
1369 1282 1430 1342 casu

293 1335 480 1395 Qeuditus
513 1328 708 1388 ignoro,
733 1329 863 1389 tamen
904 1335 1018 1395 haud
1059 1338 1083 1398 in
1124 1345 1287 1405 tarcere
1329 1352 1450 1412 fontis

299 1403 441 1463 Delitet
483 1398 679 1458 infodlix,
702 1398 768 1458 nec
809 1400 881 1460 toto
922 1403 1058 1463 mente
1100 1407 1272 1467 vocatus

308 1471 401 1531 Vlla
434 1466 551 1526 dedit
610 1464 744 1524 cupido
786 1467 946 1527 sernatae
979 1470 1080 1530 signa
1122 1474 1281 1534 salutis.

307 1544 363 1604 Sed
402 1538 524 1598 pror,
534 1536 562 1596 o
600 1535 751 1595 fratres
836 1536 865 1596 si
902 1538 969 1598 vos
1006 1541 1110 1601 teret
1148 1545 1223 1605 vlla
1280 1547 1412 1607 Cupido

298 1600 450 1660 tortum
530 1600 674 1660 patriae
746 1601 863 1661 quert
899 1603 1007 1663 mihsi
1043 1608 1231 1668 pandite
1268 1614 1419 1674 casus.

320 1669 487 1729 Quone
531 1669 647 1729 pedem
705 1669 924 1729 tulerit,
945 1673 1142 1733 nigrisue
1178 1675 1221 1735 an
1259 1678 1389 1738 ombet
1425 1681 1593 1741 vmbris.

322 1749 451 1809 Talia
506 1741 709 1801 querenti
746 1741 865 1801 sanus
912 1743 976 1803 res
1004 1746 1142 1806 pondet
1179 1747 1308 1807 Judas

277 1819 457 1879 SLuben
511 1816 708 1876 Prater,
726 1816 798 1876 non
843 1816 951 1876 nobis
996 1818 1148 1878 pectore
1176 1819 1292 1879 tanta

303 1891 390 1951 Est
433 1886 564 1946 rabies
616 1884 808 1944 inuenis
842 1884 990 1944 cupiat
1033 1886 1112 1946 quie
1137 1888 1311 1948 perdere
1338 1890 1494 1950 vitam,

311 1958 415 2018 Ante
459 1952 593 2012 etenm
661 1950 780 2010 redis
824 1950 981 2010 cupides
1033 1952 1107 2012 tua
1144 1953 1234 2013 iussa
1279 1955 1494 2015 monebant

316 2023 573 2083 Cisternam
640 2018 690 2078 vt
765 2018 930 2078 varuam
997 2021 1097 2081 terre
1146 2024 1354 2084 fontemque
1379 2026 1528 2086 pefundu

309 2091 499 2151 Intraret
551 2087 774 2147 inuenis,
793 2087 866 2147 tua
911 2088 990 2148 nam
1049 2089 1107 2149 sic
1147 2091 1245 2151 iussa
1291 2093 1494 2153 tulerunt

316 2164 424 2224 Qne
467 2157 627 2217 monere
668 2156 745 2216 aios
795 2155 828 2215 et
878 2156 1005 2216 raedis
1056 2157 1148 2217 pulsa
1199 2158 1350 2218 Capido
1384 2157 1467 2217 est.
