2000 2581
823 121 844 181 D
902 121 909 181 R
958 120 972 180 L
1015 120 1029 180 I
1058 119 1178 179 LA.

449 178 457 238 E
490 180 592 240 allere
617 180 776 240 credentem
826 177 877 237 sed
910 175 1002 235 ficta
1045 172 1129 232 vore
1162 170 1297 230 puellam

511 252 594 312 Die
624 251 717 311 mihi
747 248 830 308 num
881 247 1014 307 quisque
1036 245 1169 305 landis
1199 245 1272 305 hrc
1302 246 1446 306 potest.

448 325 582 385 Quis
625 322 693 382 non
737 321 970 381 virginibus
1003 324 1114 384 posset
1136 326 1203 386 spe
1225 329 1347 389 illude
1369 331 1491 391 falsa¬

529 394 665 454 Quis
711 392 775 452 non
829 395 1038 455 faemineo
1067 401 1149 461 Xta
1194 405 1331 465 dedisse
1358 408 1476 468 prepi.

450 468 632 528 Cedula
667 464 762 524 turba
805 465 919 525 sinnis
970 468 1040 528 nec
1091 475 1213 535 tantis
1265 486 1464 546 fraudibus
1507 494 1623 554 aptae

519 545 555 605 In
609 542 726 602 quas,
745 541 799 601 me
835 542 1044 602 iniseram,
1061 545 1169 605 turba
1206 550 1305 610 pata
1341 558 1450 618 virum
1485 567 1576 627 est.

471 623 539 683 sei
562 617 688 677 quaties
723 613 917 673 strepitum
964 615 998 675 si
1021 617 1147 677 forsam
1193 624 1296 684 suma
1353 634 1570 694 ferestra.

522 691 647 751 anna
707 690 766 750 vel
803 689 906 749 vento
950 690 1017 750 ina
1068 694 1245 754 mouente
1275 700 1386 760 dedit

457 773 584 833 Actollo
611 766 711 826 caput
738 764 801 824 &amp;
819 764 856 824 ef
892 765 992 825 nobis
1019 767 1055 827 te
1091 771 1182 831 rredo
1218 777 1354 837 redire

531 844 758 904 Compiens
798 838 936 898 animo
975 839 1114 899 pandia
1163 845 1271 905 falsa
1311 851 1420 911 meo¬

1258 896 1353 956 suna
1401 900 1562 960 moraris
447 917 593 977 Quid
634 912 791 972 grusff
822 912 906 972 Deo
957 915 1082 975 patria
1123 919 1207 979 laus
1238 925 1384 985 tagun
1446 932 1509 992 tan

543 993 628 1053 Cur
662 990 747 1050 sunt
789 989 849 1049 cum
901 990 1028 1050 tantis
1070 995 1233 1055 tempora
1266 1000 1377 1060 tanta
1420 1006 1564 1066 morae.

444 1074 512 1134 An
542 1066 690 1126 metuis
729 1064 778 1124 ne
818 1063 857 1123 te
896 1064 1034 1124 forsan
1084 1068 1152 1128 mea
1202 1073 1291 1133 pria
1340 1080 1488 1140 perdat

1081 1107 1194 1167 cagtus
517 1142 595 1202 Et
630 1137 700 1197 mo
735 1136 769 1196 in
814 1136 979 1196 laqueas
1031 1142 1119 1202 fos
1205 1152 1345 1212 amore
1388 1160 1553 1220 radas?

454 1215 618 1275 Eriuola
657 1212 720 1272 non
759 1211 900 1271 timeas
969 1213 1040 1273 nec
1071 1216 1127 1276 n.
1158 1223 1400 1283 formidinis
1440 1236 1517 1296 vlla

521 1294 657 1354 Causa
693 1293 793 1353 est,
811 1293 884 1353 non
939 1295 1083 1355 aliquis
1128 1300 1219 1360 quem
1274 1307 1428 1367 covaris
1464 1316 1537 1376 erit

454 1366 579 1426 Quis
611 1366 673 1426 tibi
696 1366 845 1426 vistori
885 1368 987 1428 tanto
1058 1373 1277 1433 vertigine
1316 1382 1457 1442 mentis

537 1440 708 1500 Vesanae
759 1441 940 1501 insidias
980 1448 1232 1508 composnisse
1262 1454 1373 1514 volet

451 1522 590 1582 Quis
625 1518 721 1578 petat
765 1519 931 1579 eximium
992 1523 1097 1583 raput
1149 1528 1211 1588 hoc
1254 1532 1350 1592 quod
1394 1536 1498 1596 forte
1526 1538 1638 1598 leonis

526 1596 629 1656 Non
666 1592 806 1652 primis
852 1593 965 1653 annis
1012 1597 1077 1657 ira
1125 1603 1274 1663 repssit
1321 1607 1461 1667 atrox.

455 1674 548 1734 Lu
614 1669 739 1729 segetes
782 1669 940 1729 nostras
965 1674 1207 1734 commitis
1250 1683 1433 1743 vulpibus
1467 1690 1542 1750 olien

519 1751 687 1811 Vsisti
700 1749 760 1809 &amp;
796 1749 868 1809 lito
905 1748 1012 1808 corpa
1061 1750 1170 1810 mille
1217 1756 1349 1816 dabas

462 1837 588 1897 Qui
621 1828 736 1888 modo
779 1826 948 1886 rupisti
991 1829 1160 1889 vaspas
1201 1834 1329 1894 robore
1370 1837 1508 1897 portas

532 1918 594 1978 An
625 1913 782 1973 dubitas
835 1910 992 1970 nostras
1033 1911 1221 1971 posset
1254 1916 1410 1976 vimere
1442 1920 1524 1980 posse
1546 1922 1640 1982 feres

466 2001 604 2061 Quis
650 1994 770 2054 timor
808 1991 872 2051 ille
909 1991 1085 2051 nonus)
1112 1992 1186 2052 quo
1223 1995 1316 2055 nun
1371 2000 1556 2060 audatia
1602 2006 1712 2066 fagit

518 2083 628 2143 Num
702 2075 775 2135 vbi
812 2072 904 2132 sunt
950 2071 1060 2131 forti
1098 2072 1226 2132 parta
1281 2076 1447 2136 tropliga
1492 2079 1622 2139 manu
