2000 2581
863 134 995 194 M1c
1038 131 1088 191 41
1112 129 1179 189 e1

492 199 632 259 Quam
684 193 745 253 me
772 192 841 252 non
893 192 1007 252 tentet
1060 193 1260 253 franpere
1303 195 1452 255 quisque
1486 192 1635 252 amat.

434 282 525 342 psa
559 276 696 336 iacens
753 273 867 333 torra
912 271 1107 331 gemutus
1153 271 1460 331 Cathrennasqe
1484 269 1632 329 efundo

488 355 613 415 Deque
632 349 747 409 orntis
785 345 919 405 hinet
968 344 1073 404 regig
1121 344 1197 404 tota
1246 342 1379 402 meis.

447 429 629 489 onathan
673 419 855 479 accesdit
917 418 960 478 quod
977 419 1038 479 ie
1081 422 1230 482 tellure
1265 425 1369 485 tenst
1404 426 1551 486 iacente

508 503 625 563 Collit
665 496 704 556 et
743 493 931 553 afflictam
990 495 1147 555 fuatris
1186 500 1324 560 amore
1363 504 1501 564 finet.

421 580 598 640 Solatur
633 569 802 629 miseram
855 568 961 628 xobis
997 572 1271 632 multentibus
1315 580 1377 640 ille

491 651 708 711 Pollicitisas
745 646 857 706 meos
905 645 1074 705 tempat
1122 646 1225 706 vsque
1253 648 1431 708 metus.

423 736 570 796 Chara
615 727 729 787 soror
775 723 877 783 forti
911 723 1103 783 quendam
1161 726 1319 786 coniuus
1342 729 1388 789 ta
1421 733 1569 793 marito

498 804 634 864 Qnt
670 802 752 862 ix
806 801 852 861 po
879 801 951 861 est
997 802 1205 862 maxima
1251 805 1486 865 amicitiae.

418 885 564 945 Quid
620 878 767 938 facies.
800 876 857 936 pr
902 876 1004 936 est.
1038 878 1139 938 qiqd
1184 881 1286 941 intet
1331 885 1410 945 ille
1444 892 1625 952 ferendu
1659 900 1748 960 est.

496 958 598 1018 Non
650 954 744 1014 potes
779 953 899 1013 illius
950 954 1147 1014 vinere
1190 959 1292 1019 iussa
1344 964 1429 1024 pre¬

416 1031 605 1091 Lerreus
645 1026 716 1086 est
755 1026 765 1086 C
795 1026 915 1086 nescis
964 1028 984 1088 I
1035 1031 1094 1091 nen
1144 1036 1204 1096 eos
1244 1041 1313 1101 ner
1354 1048 1453 1108 sacra
1484 1054 1563 1114 poet

488 1105 663 1165 Jmuidic
714 1102 849 1162 faciat
901 1103 972 1163 dum
1035 1107 1148 1167 satis
1190 1114 1262 1174 ille
1313 1121 1396 1181 suae

430 1190 525 1250 Non
573 1181 706 1241 dabita
783 1179 955 1239 voniet
1012 1183 1174 1243 tempus
1212 1188 1289 1248 eum
1336 1196 1441 1256 regia
1470 1204 1603 1264 roniax

495 1260 692 1320 Inteatis
739 1257 890 1317 primi
924 1259 1041 1319 terta
1099 1263 1226 1323 supta
1273 1271 1400 1331 viri¬

424 1339 550 1399 Non
601 1336 684 1396 etem
768 1336 895 1396 fallet
945 1339 1055 1399 dnqus
1081 1342 1122 1402 qua
1147 1346 1274 1406 clara
1324 1355 1517 1415 parentis

489 1413 611 1473 forti
637 1410 759 1470 sesseo
796 1411 944 1471 sceptra
992 1420 1188 1480 fevenda
1226 1429 1336 1489 dedit

417 1490 565 1550 Quem
619 1487 713 1547 bene
767 1487 805 1547 si
832 1488 906 1548 nom
989 1493 1063 1553 nec
1108 1498 1173 1558 me
1229 1507 1321 1567 suia
1377 1519 1505 1579 fallit

491 1563 715 1623 Dleriue
758 1563 833 1623 man
877 1569 967 1629 Non
996 1576 1100 1636 eris
1115 1587 1309 1647 alterias
1338 1598 1501 1658 Sponsa
1539 1603 1678 1663 futura
1724 1617 1816 1677 din.

413 1654 555 1714 Nume
602 1643 697 1703 quod
755 1642 850 1702 fata
897 1649 1063 1709 volunt
1122 1662 1228 1722 duro
1275 1680 1500 1740 conredito
1535 1693 1642 1753 patri

472 1721 705 1781 Lognungg
783 1721 964 1781 poternt
1025 1731 1103 1791 nit
1163 1747 1362 1807 valuisse
1406 1767 1595 1827 manns.

428 1805 600 1865 Tatlibus
646 1798 887 1858 afflictam
955 1804 1013 1864 fr
1059 1812 1209 1872 solatur
1243 1825 1403 1885 Dorat

518 1875 586 1935 Vt
634 1874 703 1934 cito
741 1875 790 1935 sit
848 1881 1014 1941 reditus
1062 1891 1168 1951 hora
1227 1901 1324 1961 pata
1372 1909 1460 1969 tm.

428 1959 507 2019 Sed
540 1954 618 2014 iam
684 1953 784 2013 tpus
830 1957 930 2017 erat
996 1964 1085 2024 cum
1142 1973 1208 2033 me
1242 1984 1441 2044 deducere
1465 1997 1631 2057 sponsam

483 2031 754 2091 Instituunt
822 2035 995 2095 inneres
1056 2053 1373 2113 vireinensgst
1410 2072 1538 2132 thors

403 2120 524 2180 Dat
564 2112 698 2172 dipitis
738 2112 886 2172 gennas
925 2119 1126 2179 mater,
1155 2128 1234 2188 dat
1287 2138 1477 2198 cdnillis
1503 2144 1596 2204 aneh
