2000 2581
694 135 792 195 no
835 134 891 194 51

352 197 494 257 Quae
529 195 655 255 solet,
671 194 873 254 Inuidiae
916 195 1034 255 matd
1067 195 1203 255 iniqua
1244 193 1387 253 traris.

272 271 375 331 Qug
411 271 495 331 mea
542 270 820 330 prestringens
867 270 1016 330 fallari
1043 270 1202 330 lumna
1248 271 1369 331 virga

348 350 533 410 Infadit
581 342 710 402 menti
741 342 854 402 nigra
903 343 1063 403 venena
1112 342 1240 402 meae.

273 435 383 495 Tumc
416 425 472 485 ego
504 419 582 479 non
614 414 780 474 quenque
812 414 978 474 poteram
1045 416 1132 476 satis
1166 418 1276 478 aequa
1308 418 1418 478 tueri

352 501 511 561 Coratia
569 495 639 555 tum
716 493 792 553 io
830 493 1002 553 lmmnne
1034 494 1149 554 nulla
1200 497 1283 557 fuit

281 563 471 623 Longins
508 562 588 622 inde
634 563 761 623 malum
806 565 951 625 serpens
1005 571 1186 631 succvenit
1231 575 1258 635 in
1285 577 1393 637 horas

336 639 405 699 Et
446 637 565 697 postis
604 637 714 697 loma
773 638 892 698 sempue
903 641 1081 701 adaucta
1111 643 1220 703 mora
1261 646 1340 706 est.

280 713 457 773 Ambitio
498 710 655 770 accessit
704 711 840 771 tandem
902 715 936 775 quae
957 717 1079 777 tollere
1113 719 1271 779 cristas

363 788 487 848 Inssit,
508 786 565 846 &amp;
585 786 613 846 in
651 787 806 847 fratrem
864 789 951 849 xta
1000 792 1125 852 supta
1154 791 1289 851 loqui¬

309 861 543 921 Qetinam
595 859 699 919 talis
751 860 881 920 qualis
924 862 1010 922 nun
1063 865 1123 925 sum
1175 869 1270 929 aute
1305 875 1435 935 fuissem

352 939 448 999 Non
484 935 564 995 esset
616 933 726 993 poena
799 934 946 994 conscia
997 937 1107 997 culpa
1150 941 1253 1001 meae

313 1021 382 1081 Tum
452 1012 552 1072 duvo
591 1008 721 1068 possem
770 1008 909 1068 morbo
960 1010 1030 1070 vel
1069 1013 1159 1073 tabe
1198 1018 1328 1078 perire

344 1094 421 1154 Sed
468 1089 577 1149 ferre
623 1084 827 1144 imeritum
888 1084 1036 1144 fortius
1083 1087 1161 1147 ipsa
1208 1094 1379 1154 malum.

303 1165 422 1225 Num
493 1160 552 1220 me
592 1159 712 1219 poena
761 1159 911 1219 grauat
960 1163 1021 1223 sed
1060 1168 1200 1228 poenae
1220 1174 1339 1234 causa
1370 1185 1549 1245 pudenda

351 1235 559 1295 Deprimit
618 1232 767 1292 ingenti
807 1237 946 1297 ponde
985 1243 1104 1303 corda
1143 1253 1322 1313 magis.

298 1314 388 1374 Non
419 1311 472 1371 me
502 1310 593 1370 meta
631 1310 745 1370 monet
783 1312 927 1372 nostrae
958 1319 1072 1379 mort
1117 1329 1261 1389 vltima
1321 1344 1450 1404 vitae.

362 1389 427 1449 Sed
468 1386 550 1446 quod
599 1386 623 1446 si
649 1389 836 1449 moriar,
861 1395 960 1455 mors
1008 1404 1123 1464 quoque
1139 1412 1279 1472 crimen
1320 1417 1426 1477 evit¬

289 1465 453 1525 Eoelices
508 1463 662 1523 nimium
735 1468 925 1528 quotquot
980 1477 1080 1537 fine
1116 1486 1280 1546 rimine
1325 1497 1470 1557 matres

346 1543 529 1603 Depressa
591 1542 766 1602 Acoppti
819 1552 1056 1612 sucrubuere
1099 1563 1213 1623 ingo¬

280 1624 451 1684 Poelires
492 1624 653 1684 nimium
734 1630 875 1690 molles
936 1638 1047 1698 vaga
1097 1647 1219 1707 turta
1269 1657 1420 1717 puellae

377 1705 517 1765 Queis
572 1704 650 1764 sine
697 1707 860 1767 percato
923 1716 1087 1776 contigit
1134 1725 1236 1785 ante
1274 1732 1407 1792 mori.

301 1783 418 1843 Quod
470 1783 503 1843 si
534 1783 588 1843 me
630 1787 863 1847 iiseram,
873 1793 958 1853 quod
1012 1802 1180 1862 vellem,
1201 1810 1297 1870 fata
1340 1822 1519 1882 inlissent

358 1859 501 1919 Nulla
543 1862 650 1922 mihi
693 1867 799 1927 tanti
850 1874 964 1934 causa
1028 1886 1170 1946 doloris
1214 1896 1306 1956 erat

287 1947 387 2007 Hei
422 1939 612 1999 quantum
681 1943 838 2003 facrat
895 1957 1075 2017 meritis
1108 1975 1289 2035 indigna
1345 1992 1526 2052 referri¬

346 2026 404 2086 Et
446 2025 606 2085 poenam
666 2027 784 2087 rulpa
842 2034 944 2094 posse
994 2043 1137 2103 rarere
1188 2055 1323 2115 meam

292 2105 424 2165 Quod
466 2105 532 2165 cum
573 2107 648 2167 non
689 2110 796 2170 liceat
854 2115 953 2175 nobis
995 2123 1168 2183 spare,
1201 2131 1292 2191 quod
1342 2140 1457 2200 vnum
