2000 2581
820 145 834 205 n
912 146 934 206 O
991 146 998 206 5
1041 147 1147 207 25.

457 223 507 283 Se
540 220 591 280 hec
625 216 751 276 inncta
793 214 844 274 est
886 214 1021 274 semper
1055 213 1207 273 fortina
1257 211 1400 271 maritis

513 297 673 357 Coandia
717 290 826 350 pauca
870 287 1045 347 vident,
1059 287 1198 347 tristia
1235 288 1366 348 multa
1410 289 1533 349 ferunt

456 375 509 435 Si
525 370 556 430 te
578 364 655 424 iura
694 358 832 418 granis
877 357 1038 417 terrebat
1077 357 1238 417 duraque
1260 353 1337 413 fata

511 436 667 496 Debobas
709 427 824 487 viduo
874 425 939 485 sola
989 425 1104 485 fuisse
1144 425 1259 485 thoro.

463 508 568 568 Quid
606 502 681 562 nam
734 498 922 558 sperabas
961 498 1066 558 dulei
1088 501 1201 561 mihsi
1239 505 1375 565 foedere
1405 508 1571 568 innta¬

525 571 674 631 Tristia
713 568 882 628 raedebas
934 568 1045 628 nulla
1090 571 1259 631 ferenda
1298 575 1370 635 tibi

486 649 570 709 Hei
594 642 694 702 mihi
718 638 777 698 non
810 637 877 697 hec
909 638 968 698 est
1001 639 1100 699 lecti
1134 643 1291 703 fortuna
1325 646 1474 706 ingalis

530 724 580 784 vt
616 717 717 777 nihil
753 710 1006 770 aduersum,
1028 709 1143 769 nulla
1186 710 1281 770 pidta
1331 713 1489 773 ferant.

476 794 523 854 In
555 789 595 849 ne
626 785 721 845 viros
753 782 872 842 vestri
911 781 1023 841 credis
1054 781 1180 841 rausam
1228 784 1299 844 esse
1331 788 1489 848 doloris.

531 864 655 924 Altera
696 856 796 916 Crum
854 851 995 911 andi)
1011 852 1126 912 causa
1168 855 1300 915 doloris
1342 861 1473 921 adest.

499 944 602 1004 Quis
637 935 740 995 genus
783 928 973 988 humann
1024 927 1128 987 male
1170 928 1291 988 sanus
1325 933 1455 993 pelidit
1489 942 1602 1002 exror¬

524 1013 647 1073 Anno
698 1000 915 1060 faeminea
959 999 1133 1059 contigit
1184 1001 1241 1061 ille
1278 1000 1394 1060 manu

476 1082 635 1142 Nonne
671 1074 742 1134 Dei
769 1072 849 1132 legem
902 1071 954 1131 Tp
1000 1071 1088 1131 sine
1124 1073 1275 1133 fraude
1301 1077 1469 1137 colendam

1152 1108 1260 1168 pume
521 1149 672 1209 Andari
701 1146 716 1206 3
737 1145 867 1205 prenit
925 1144 1106 1204 foemina
1149 1145 1258 1205 ful
1323 1148 1445 1208 manu

470 1224 598 1284 Hine
627 1215 802 1275 veniunt
847 1212 986 1272 iurae,
1004 1213 1280 1273 lartrgmae,
1298 1220 1473 1280 ingesque
1484 1226 1630 1286 labores

518 1298 598 1358 Him
670 1288 723 1348 vos
768 1284 830 1344 qui
857 1282 991 1342 reuciat
1053 1285 1196 1345 partus
1232 1292 1384 1352 acerbus
1428 1300 1562 1360 adest.

483 1375 598 1435 Hinc
637 1363 742 1423 mala
781 1358 915 1418 comubi
964 1359 1108 1419 prodit
1157 1363 1330 1423 fortuna
1367 1368 1521 1428 iugalis

525 1443 640 1503 Hinc
681 1435 846 1495 homiun
887 1435 1019 1495 vario
1068 1437 1192 1497 corda
1241 1440 1365 1500 dolore
1397 1441 1562 1501 gemunt

476 1523 675 1583 Detfsine
716 1512 821 1572 nunc
863 1510 978 1570 igiter
1009 1511 1093 1571 quod
1146 1516 1219 1576 vri
1250 1522 1408 1582 iniuria
1449 1528 1554 1588 sexus

526 1594 695 1654 Efficit,
705 1589 737 1649 in
778 1586 927 1646 miseros
968 1586 1074 1646 velle
1117 1591 1274 1651 referre
1317 1599 1475 1659 viros,

503 1677 563 1737 jue
583 1668 653 1728 tibi
693 1658 924 1718 sempuiens
963 1657 1134 1717 conintr
1183 1664 1253 1724 cur
1284 1671 1404 1731 sanus
1443 1681 1594 1741 habebar

525 1742 620 1802 cum
684 1735 756 1795 tibi
795 1733 923 1793 sunta
971 1733 1050 1793 esset
1105 1737 1145 1797 lex
1194 1744 1432 1804 veneranda
1471 1752 1559 1812 Dei¬

485 1816 597 1876 Num
653 1807 798 1867 tantum
861 1805 958 1865 resae
990 1806 1118 1866 potuit
1167 1810 1206 1870 te
1246 1816 1374 1876 portio
1406 1825 1519 1885 pellis

529 1886 666 1946 Kellere
711 1879 757 1939 vt
793 1877 884 1937 hinc
930 1877 1038 1937 velles
1084 1883 1294 1943 deseruisse
1339 1889 1449 1949 virum

499 1966 555 2026 Ab
588 1959 645 2019 non
678 1954 734 2014 illa
783 1952 872 2012 decet
921 1953 1059 2013 vestri
1091 1961 1351 2021 inconstantia
1384 1969 1513 2029 sepus.

529 2040 626 2100 Zunt
662 2031 717 2091 tua
759 2026 885 2086 maiori
919 2026 1018 2086 corda
1066 2028 1205 2088 tuenda
1261 2033 1338 2093 fide

486 2114 594 2174 Tunc
643 2104 898 2164 pimitanda
948 2102 986 2162 ti
1026 2103 1203 2163 fuerant
1243 2105 1291 2165 quoe
1300 2108 1419 2168 sepius
1448 2112 1536 2172 ante
