2000 2581
247 145 465 205 Benianun
516 150 599 210 hinc
649 154 775 214 frater
809 156 876 216 qui
901 158 1026 218 tanto
1060 159 1093 219 in
1126 160 1286 220 rrimine
1311 158 1403 218 solus

240 211 420 271 Defuit,
428 213 538 273 haud
586 216 703 276 facile
742 219 923 279 ingentes
963 222 994 282 in
1033 223 1159 283 rorde
1190 225 1339 285 dolores

245 280 420 340 Sustinet
461 277 650 337 infirmus
703 281 914 341 inuenis,
934 285 1001 345 qui
1035 289 1163 349 fratre
1197 290 1373 350 priuatus

249 344 438 404 Amplius
479 341 595 401 hand
636 345 792 405 amni
833 351 989 411 tristis
1030 357 1145 417 solatia
1187 359 1293 419 spit.

250 420 330 480 Hic
370 413 498 473 patris
530 411 578 471 ad
618 411 754 471 lectum
802 415 930 475 miseri
962 423 1178 483 confusus
1218 433 1386 493 acerbas

245 485 408 545 Esudit
443 478 676 538 lacrgmas
728 481 927 541 Vluctu
970 490 1117 550 mucta
1169 498 1333 558 replenit

239 557 307 617 Et
337 554 405 614 iam
473 550 617 610 Lunt
661 550 745 610 suum
812 551 933 611 velex
979 559 1265 619 complenerat
1295 573 1401 633 erbem

256 630 343 690 Nor
378 625 421 685 tn
457 621 701 681 hiluctum
762 621 867 681 nati
902 624 1077 684 liquere
1111 631 1295 691 pernpti.

248 700 303 760 Se
340 695 480 755 magis
536 691 638 751 atque
656 691 786 751 magis
842 694 953 754 raeptt
991 699 1167 759 reuere
1195 705 1343 765 dolores.

490 814 974 874 LOSTEUI
1025 817 1182 877 LII

660 901 679 961 B
728 902 777 962 L.
786 903 865 963 R.
884 910 962 970 11.

228 984 378 1044 Interia
408 985 447 1045 ad
477 988 617 1048 Pharia
647 990 687 1050 &et
717 994 916 1054 pluciarum
946 999 1106 1059 expertia
1137 1003 1236 1063 rema

259 1061 457 1121 Venerunt
518 1062 746 1122 Madianitae
769 1067 823 1127 &amp;
845 1072 1059 1132 comuitatus
1097 1080 1226 1140 Posepti,

264 1134 399 1194 samqu
433 1134 560 1194 nouas
602 1135 763 1195 adeunt
805 1141 974 1201 terras,
991 1148 1193 1208 septemlua
1236 1155 1320 1215 Nili

268 1206 383 1266 Ostia
427 1204 645 1264 ternentes
677 1205 735 1265 &amp;
754 1207 875 1267 itarae
907 1212 1068 1272 mumia
1112 1219 1278 1279 Tlibes,

264 1273 377 1333 Num
440 1271 626 1331 Relusiare
667 1270 925 1330 comparent
966 1277 1142 1337 longius
1174 1286 1245 1346 erae

252 1350 306 1410 Et
337 1344 408 1404 loca
462 1342 470 1402 q
526 1340 722 1400 quondam
791 1343 988 1403 Macedum
1050 1349 1152 1409 ducis
1190 1354 1269 1414 alta
1308 1358 1433 1418 tulere

272 1416 488 1476 Maema,
512 1416 608 1476 tumc
648 1416 824 1476 sederat
879 1418 975 1478 vilis
1015 1419 1087 1479 sine
1127 1421 1207 1481 mie
1239 1425 1375 1485 tellus.

266 1489 333 1549 Ali
363 1485 499 1545 quoties
538 1484 703 1544 inueri
742 1485 849 1545 priae
879 1488 986 1548 subit
1025 1493 1141 1553 alina
1181 1498 1346 1558 Capido,

263 1559 338 1619 Atq
397 1556 539 1616 patrem
605 1554 747 1614 quoties
790 1554 940 1614 animo
981 1557 1049 1617 non
1098 1565 1266 1625 imemor
1300 1574 1366 1634 ipse

273 1628 401 1688 Voluit
470 1624 548 1684 dum
608 1623 754 1683 provas
797 1624 951 1684 insoelix
995 1632 1312 1692 aspiritoras.

262 1697 395 1757 Hinc
442 1696 513 1756 mo
552 1695 669 1755 dara
709 1694 850 1754 petunt
889 1695 928 1755 et
976 1697 1078 1757 redia
1124 1703 1265 1763 maenia
1313 1714 1493 1774 Mempris

281 1770 332 1830 Vt
375 1764 539 1824 puerum
591 1761 747 1821 possent
807 1761 945 1821 cupidi
1014 1765 1092 1825 (hic
1126 1769 1213 1829 fata
1247 1778 1402 1838 tulere)

271 1841 507 1901 Vendere,
516 1837 580 1897 &amp;
597 1836 760 1896 eximio
801 1835 907 1895 lucro
957 1838 1119 1898 pensave
1152 1847 1364 1907 laborem.

273 1918 361 1978 Nec
409 1914 527 1974 mora
585 1911 742 1971 postque
761 1910 899 1970 vebis
938 1915 1154 1975 subierunt
1202 1928 1339 1988 maenia
1378 1943 1466 2003 calsa

254 1985 357 2045 Erte
400 1982 522 2042 venit
583 1981 678 2041 sacro
721 1981 981 2041 compulsus
1033 1988 1215 2048 munine
1258 1997 1336 2057 pses

266 2055 474 2115 Putistrar
513 2052 698 2112 auratis
738 2052 874 2112 genis
921 2056 1114 2116 polarus
1161 2064 1209 2124 et
1250 2075 1361 2135 cstra

278 2126 485 2186 nediter,
503 2124 629 2184 crebra
683 2125 899 2185 famulum
970 2133 1168 2193 stipante
1205 2143 1375 2203 raterua
