2000 2581
478 192 554 252 Hei
592 187 721 247 quoties
759 186 903 246 penmit
957 187 1101 247 fratris
1131 188 1208 248 dum
1260 188 1466 248 imomoda
1503 184 1617 244 chari

488 259 705 319 Comparat
741 253 778 313 ad
805 252 922 312 curas
959 252 1113 312 tristes
1149 256 1439 316 lacrgmasque
1456 255 1646 315 parentis.

488 334 638 394 lamque
659 328 750 388 odit
790 326 831 386 et
871 326 1093 386 campos,
1113 327 1265 387 sccleris
1305 331 1417 391 quoque
1437 333 1547 393 consia
1589 336 1729 396 prata¬

486 408 551 468 Et
588 401 711 461 fugit
759 397 918 457 infoelix
965 399 1126 459 fratres
1173 404 1370 464 ractusque
1390 408 1643 468 furentum.

416 485 506 545 Ast
537 477 607 537 illi
637 470 799 530 campos
839 468 1041 528 repetunt
1101 472 1384 532 teneranque
1404 478 1574 538 capellam

500 547 574 607 Ali
595 541 691 601 duri
733 536 1019 596 mactant,
1040 538 1230 598 calidoque
1251 540 1283 600 in
1326 545 1538 605 sanguine
1559 549 1685 609 vestem

484 611 743 671 Eraternam
813 606 1002 666 tineunt
1088 610 1277 670 tepidoque
1308 616 1442 676 eruore
1490 620 1693 680 madente

486 679 823 739 Dillacerant,
856 676 1010 736 scissam
1074 681 1283 741 penitorem
1340 686 1381 746 ad
1429 688 1533 748 ferve
1566 688 1726 748 parati.

485 754 648 814 tamque
668 747 770 807 faces
822 747 913 807 solis
964 750 1117 810 medio
1159 754 1209 814 de
1240 755 1352 815 ptire
1382 753 1486 813 coeli¬

489 830 691 890 Discessere
725 818 902 878 procul,
927 816 1062 876 celsis
1113 816 1163 876 de
1205 819 1426 879 montibus
1467 822 1610 882 vmbre

489 894 691 954 Maiores
741 883 936 943 vecidunt
1028 883 1180 943 teneri
1214 886 1282 946 sub
1323 889 1535 949 matribus
1552 890 1627 950 ann

504 966 727 1026 balantes
777 955 942 1015 astant
991 955 1214 1015 turgentia
1264 959 1400 1019 exta
1438 964 1584 1024 suguit

495 1041 599 1101 Mox
638 1028 741 1088 alius
780 1021 923 1081 situlas
960 1021 1131 1081 amptas
1169 1025 1236 1085 &amp;
1255 1031 1491 1091 postoralia
1530 1037 1634 1097 vbige

492 1108 627 1168 Arma
669 1094 805 1154 legens
846 1089 998 1149 condit
1050 1090 1244 1150 Cerealia
1295 1098 1480 1158 iumera
1522 1105 1666 1165 sacto,

496 1177 584 1237 Ast
623 1167 711 1227 alii
732 1162 859 1222 spluas
899 1160 1076 1220 adennt
1116 1162 1223 1222 atque
1243 1166 1390 1226 arna,
1410 1168 1567 1228 ggeique

497 1243 742 1303 Dispersam
803 1233 993 1293 quunt,
1014 1231 1122 1291 alius
1163 1231 1231 1291 cum
1292 1232 1524 1292 iurirve
1557 1233 1694 1293 cormi¬

504 1311 723 1371 Conuocat
754 1299 1041 1359 errantes,
1064 1299 1132 1359 &amp;
1154 1300 1411 1360 pastoralia
1457 1301 1654 1361 cautant

503 1379 783 1439 Carmina,
804 1373 881 1433 nec
923 1369 1070 1429 fratas
1119 1365 1294 1425 voluunt
1336 1366 1546 1426 incomoda
1595 1372 1728 1432 mente

496 1455 543 1515 It
592 1448 694 1508 serus
741 1439 898 1499 tandem
974 1436 1131 1496 toebus
1178 1435 1213 1495 in
1274 1436 1499 1496 mentibus
1540 1436 1636 1496 ipsis

502 1522 728 1582 Constitit
779 1514 821 1574 amp
862 1509 1014 1569 noctis
1064 1505 1283 1565 tenebrosa
1332 1506 1559 1566 rrepussula
1601 1511 1727 1571 furent

499 1601 555 1661 Ad
584 1589 752 1649 patrias
809 1578 987 1638 veniunt
1033 1574 1184 1634 aedes,
1212 1576 1427 1636 fimudlata
1455 1580 1597 1640 mente
1624 1584 1774 1644 vultuue
1783 1587 1877 1647 dolore

491 1663 671 1723 Astuti
701 1648 948 1708 fingunt,
967 1646 1214 1706 lachrgmas
1253 1649 1491 1709 Cmrabile
1520 1646 1653 1706 dictu)

494 1728 705 1788 Interdum
764 1719 1025 1779 fundunt,
1043 1719 1118 1779 quo
1153 1721 1304 1781 possint
1355 1723 1533 1783 crimina
1575 1726 1684 1786 tanta

497 1803 658 1863 Celari
699 1794 860 1854 melius
919 1793 977 1853 fis
1002 1793 1146 1853 tumque
1181 1795 1290 1855 dolum
1340 1797 1509 1857 praetexere
1543 1796 1694 1856 culpae.

455 1882 517 1942 Sed
562 1870 678 1930 pater
724 1864 759 1924 vt
804 1861 983 1921 gemitus
1027 1863 1152 1923 andit
1206 1866 1412 1926 fictasque
1440 1865 1582 1925 qralas

490 1940 668 2000 Infaelix
718 1931 906 1991 trepidat
976 1931 1075 1991 nam
1134 1933 1253 1993 meris
1293 1934 1422 1994 praesaga
1461 1931 1609 1991 faturi

491 2009 668 2069 Aestuat
692 2000 764 2060 &amp;
780 1997 893 2057 iuris
933 1997 1142 2057 granibus
1182 2000 1255 2060 sua
1295 2004 1432 2064 pectora
1464 2009 1576 2069 veluit
1609 2012 1745 2072 remplet

479 2076 556 2136 Est
596 2065 713 2125 tamen
753 2061 929 2121 iuarus
977 2063 1143 2123 timeat
1184 2067 1271 2127 quid,
1292 2071 1418 2131 quidus
1458 2076 1672 2136 tremendo

493 2140 729 2200 Formidet
805 2131 949 2191 tristis
1025 2133 1126 2193 reca
1186 2138 1423 2198 formidine
1465 2142 1591 2202 pestus

508 2214 659 2274 Carpit
718 2204 777 2264 ali
803 2200 1089 2260 tremulum,
1115 2200 1190 2260 nec
1233 2202 1317 2262 enim
1375 2206 1443 2266 illo
1468 2208 1528 2268 spe
1561 2210 1687 2270 natos
