2000 2581
853 130 867 190 B
911 128 969 188 LF
1011 127 1018 187 N
1076 127 1105 187 S.
1120 126 1162 186 R.
1169 125 1205 185 B.
1220 123 1263 183 A.

445 191 607 251 Consiliis
631 191 759 251 Pharao
808 191 881 251 insen
913 190 1066 250 ductuque
1090 185 1211 245 maxeet

510 261 637 321 luvidit
674 261 697 321 in
742 262 846 322 rubri
892 263 974 323 soena
1019 262 1161 322 Aluenta
1198 256 1325 316 maris.

960 302 987 362 in
1019 303 1085 363 mo¬
463 327 580 387 Aach
609 326 714 386 meror
749 327 890 387 extervis
931 330 1130 390 propeen
1188 329 1317 389 crimine
1347 324 1405 384 lisa

519 391 643 451 Numc
674 390 791 450 habeof
846 390 869 450 in
900 392 1024 452 luctus
1063 393 1141 453 dona
1179 393 1258 453 pata
1296 390 1413 450 meos.

464 463 602 523 Nempe
638 458 697 518 mei
726 455 865 515 minium
916 455 1040 515 fidens
1084 455 1113 515 in
1150 456 1325 516 imagire
1354 454 1485 514 vultus

517 527 684 587 Maxima
718 524 754 584 quae
771 523 912 583 vuciant
964 524 1043 584 inde
1078 525 1157 585 pila
1192 525 1288 585 tuli.

458 602 585 662 Forma
616 599 714 659 bonum
766 599 886 659 fragile
923 599 976 659 est
1021 600 1074 660 nec
1118 602 1254 662 multos
1292 606 1397 666 durat
1434 609 1464 669 in
1501 613 1614 673 annos

526 681 598 741 ttei
624 678 723 738 mihi
750 676 794 736 sed
830 675 965 735 fragile
991 675 1045 735 hoc
1081 675 1198 735 quanta
1233 676 1340 736 piula
1377 677 1466 737 dedit

475 763 592 823 Hine
628 759 718 819 mihi
745 755 934 815 tristities
987 753 1212 813 lachogiae,
1230 754 1393 814 ploratus
1455 760 1599 820 amaror

527 836 727 896 Pestoris,
755 830 837 890 hine
882 828 1036 888 gemutus
1091 830 1319 890 perpetuusu
1355 829 1472 889 dolor¬

467 916 591 976 Hine
629 906 734 966 mihi
762 903 800 963 ve
838 901 1038 961 miseram,
1076 903 1238 963 violati,
1247 905 1343 965 signa
1371 908 1514 968 pudoris

518 987 658 1047 Autore
695 979 820 1039 illicito
864 978 996 1038 penda
1041 980 1180 1040 venter
1217 982 1262 1042 hi

466 1064 557 1124 Nlim
621 1058 719 1118 mihi
748 1055 945 1115 barbariro
980 1056 1227 1116 procumbens
1262 1060 1333 1120 ense
1361 1066 1537 1126 maritus

523 1132 657 1192 Inseius
697 1131 752 1191 hei
783 1129 926 1189 propter
965 1128 1029 1188 me
1060 1128 1116 1188 sua
1172 1130 1250 1190 fata
1298 1136 1393 1196 tulit

482 1209 574 1269 Qere
615 1204 749 1264 marite
790 1201 881 1261 iares
923 1200 984 1260 non
1025 1201 1118 1261 tali
1148 1204 1302 1264 Iumere
1322 1209 1456 1269 digeus

529 1284 674 1344 Propter
711 1281 769 1341 me
813 1278 972 1338 inseram
1031 1278 1132 1338 chare
1168 1280 1314 1340 marite
1350 1286 1473 1346 iaces.

480 1358 716 1418 Forundens
757 1357 871 1417 listes
912 1356 969 1416 non
1018 1356 1173 1416 proxima
1222 1357 1279 1417 tela
1312 1360 1507 1420 timebas,

518 1431 654 1491 aug
699 1428 763 1488 tibi
799 1426 836 1486 de
880 1426 1026 1486 propria
1062 1426 1162 1486 missa
1216 1429 1316 1489 fuere
1352 1432 1469 1492 domo¬

474 1502 723 1562 Formidans
764 1500 917 1560 guiladios
981 1500 1037 1560 per
1069 1500 1198 1560 vultus
1246 1504 1399 1564 mumera
1439 1512 1568 1572 nostui

527 1574 633 1634 Ehen
677 1573 737 1633 ine
783 1572 940 1632 inseram
1007 1572 1105 1632 ihare
1143 1573 1285 1633 marite
1323 1578 1442 1638 iaces¬

468 1649 635 1709 Comiux
683 1648 770 1708 thare
818 1648 921 1708 vale
969 1650 1136 1710 quendam
1184 1653 1271 1713 spes
1303 1656 1470 1716 maxima
1502 1660 1605 1720 nobis

643 1688 712 1748 men
764 1685 822 1745 sein
538 1721 635 1781 Qut
688 1720 805 1780 putu
889 1722 1020 1782 mortis
1072 1729 1248 1789 maxima
1287 1735 1385 1795 causa
1430 1738 1521 1798 tuae.

479 1798 567 1858 tei
593 1795 700 1855 mihi
726 1795 814 1855 quam
867 1797 1008 1857 magum
1053 1802 1114 1862 est
1168 1808 1291 1868 luctus
1335 1813 1406 1873 sine
1450 1818 1591 1878 crimine
1638 1826 1734 1886 ferre

527 1870 595 1930 Vt
628 1867 721 1927 delet
772 1867 958 1927 amissum
1017 1874 1136 1934 impta
1196 1882 1330 1942 pudica
1382 1888 1508 1948 virum

477 1946 556 2006 Cum
616 1944 740 2004 mullae
757 1944 915 2004 illicitae
959 1948 1179 2008 perturbant
1240 1956 1380 2016 pertora
1433 1966 1556 2026 iurae¬

542 2025 627 2085 Cum
683 2023 847 2083 gemitus
886 2025 1042 2085 castos,
1067 2029 1200 2089 tristia
1246 2034 1349 2094 corda
1395 2039 1552 2099 trahunt

466 2102 598 2162 Quod
639 2101 664 2161 si
698 2101 896 2161 contigerit
954 2102 1168 2162 permixtus
1227 2106 1384 2166 crimine
1425 2112 1541 2172 luctus
