2000 2581
339 181 545 241 Martant
589 184 623 244 et
657 185 805 245 Cererem
865 184 1012 244 puunt
1055 184 1089 244 et
1133 184 1262 244 porula
1305 188 1426 248 Bachi

356 252 497 312 samque
525 252 712 312 frequeris
750 253 891 313 agnus
938 255 1097 315 viridis
1135 259 1201 319 sub
1229 262 1360 322 respite
1389 268 1501 328 rampi

343 330 528 390 Palgitat
572 326 748 386 orcisus,
766 325 915 385 cumque
933 326 1039 386 ipsis
1083 328 1304 388 matribus
1330 333 1453 393 haedi¬

360 404 448 464 fars
488 400 626 460 omuin
683 397 877 457 scapulas
910 398 1136 458 undent,
1153 400 1249 460 pars
1290 404 1411 464 mollia
1452 411 1597 471 vellunt

369 479 553 539 Vellera,
575 475 672 535 mox
708 473 812 533 alius
864 473 1064 533 quatienis
1101 474 1145 534 de
1182 475 1285 535 silice
1323 480 1419 540 duro

350 548 535 608 Excassum
588 545 685 605 sicto
720 544 862 604 mitrit
914 544 985 604 sub
1029 544 1179 604 fomite
1223 545 1426 605 flamam.

343 624 433 684 Him
496 620 587 680 alij
605 616 785 676 patinas
848 612 939 672 alij
965 611 1209 671 firmantia
1253 616 1425 676 portant

363 698 546 758 Verua,
574 691 684 751 queis
721 687 785 747 illi
822 685 1033 745 palpantia
1088 686 1226 746 viscera
1263 689 1419 749 torvent

344 772 452 832 Him
524 764 659 824 viridi
695 761 722 821 in
757 759 902 819 cumpo
937 758 1099 818 patulae
1126 759 1189 819 sub
1225 762 1405 822 tegmine
1424 769 1504 829 fagi

360 838 701 898 Discumbunt,
722 830 950 890 hilaresque
971 831 1064 891 cibos
1105 834 1148 894 et
1189 837 1323 897 porula
1364 844 1520 904 sumunt

350 915 461 975 Atque
470 911 535 971 cito
573 905 731 965 satures
778 901 889 961 dulii
936 902 1085 962 vinas
1140 907 1280 967 repleti

353 988 568 1048 Atollunt
603 976 773 1036 cartus
830 973 864 1033 et
898 974 1080 1034 pulsant
1125 982 1272 1042 attera
1306 993 1386 1053 vne

310 1068 418 1128 JJaec
459 1061 517 1121 est
557 1055 627 1115 illa
666 1051 735 1111 dies
775 1047 903 1107 nineo
944 1048 1141 1108 signanda
1181 1059 1359 1119 lapillo,

355 1135 458 1195 Qua
498 1128 574 1188 var
649 1122 801 1182 ivis,
821 1120 1020 1180 alarres,
1033 1121 1109 1181 non
1157 1127 1287 1187 iureia
1329 1138 1458 1198 patris

360 1202 621 1262 Horvennus
663 1194 841 1254 trepidi,
862 1193 936 1253 nec
967 1194 1040 1254 nos
1082 1197 1197 1257 male
1228 1203 1332 1263 qadet
1353 1212 1489 1272 losept.

351 1276 527 1336 Dunigs
550 1269 620 1329 illi
643 1265 796 1325 insano
830 1264 983 1324 cantu
1019 1265 1053 1325 et
1088 1270 1288 1330 ctamore
1311 1284 1509 1344 feruntur

355 1350 423 1410 En
470 1340 631 1400 ddsunt
665 1335 825 1395 asinis
861 1336 1079 1396 nuerham
1137 1348 1379 1408 resinamq
1424 1366 1596 1426 ferentes

343 1423 362 1483 2
427 1412 626 1472 Madian
673 1408 862 1468 qdam,
890 1410 974 1470 quos
1022 1414 1069 1474 vt
1106 1423 1333 1483 ronspexit
1380 1439 1503 1499 judas

354 1488 498 1548 Qeis
530 1484 612 1544 r0g0
654 1482 767 1542 mine
830 1483 1016 1543 fauctus
1047 1493 1264 1553 Celamat)
1284 1502 1326 1562 si
1347 1510 1482 1570 morte
1513 1527 1669 1587 dedatur

348 1557 565 1617 trater,
593 1554 850 1614 fraternum
906 1556 1009 1616 nus
1048 1565 1313 1625 manibusque
1331 1582 1502 1642 eruorem

352 1627 635 1687 fundamus
688 1628 825 1688 souas
866 1634 1161 1694 maculantes
1204 1649 1402 1709 saupiume
1435 1665 1592 1725 deptras

353 1709 420 1769 Ast
454 1703 612 1763 melius
663 1703 813 1763 forsan
872 1709 1014 1769 fuerit
1073 1717 1147 1777 nos
1190 1728 1382 1788 parcere
1424 1743 1557 1803 vitae,

340 1774 398 1834 Et
441 1773 624 1833 innenem
699 1778 892 1838 insentem
966 1791 1234 1851 pereguinds
1284 1807 1426 1867 vende
1460 1816 1485 1876 in
1526 1823 1626 1883 oras

357 1844 568 1904 Sarguine
611 1844 695 1904 tum
738 1851 899 1911 varuio
975 1864 1119 1924 liceat
1161 1872 1212 1932 qui
1237 1881 1407 1941 carpere
1432 1893 1610 1953 feurtus

368 1913 440 1973 Pro
488 1912 608 1972 innem
688 1919 864 1979 quoniam
936 1930 992 1990 sit
1048 1940 1192 2000 multa
1240 1953 1408 2013 periua
1448 1965 1608 2025 fratri¬

286 1998 380 2058 Ast
423 1990 507 2050 alij
527 1988 653 2048 seuus
695 1990 843 2050 postque
864 1996 958 2056 quae
990 2003 1094 2063 dipit
1137 2009 1252 2069 Judas

366 2061 533 2121 sercege
569 2061 792 2121 animo,
819 2067 995 2127 cuncti
1023 2072 1097 2132 sua
1153 2078 1255 2138 iussa
1301 2084 1505 2144 rapessunt

351 2131 554 2191 Arrident
608 2129 803 2189 mucti,
829 2132 909 2192 non
953 2136 1025 2196 est
1078 2141 1139 2201 qui
1193 2148 1326 2208 dicta
1379 2159 1556 2219 refutet.

352 2210 412 2270 Ad
453 2201 604 2261 puterm
675 2198 847 2258 geerant
898 2205 1160 2265 unserumg
1212 2219 1414 2279 reducere
1464 2226 1545 2286 frem
