2000 2581
277 177 410 237 Verluit
446 175 523 235 hinc
558 172 678 232 artus
712 170 831 230 sacrai
867 168 1049 228 flimina
1085 166 1218 226 aquai

278 240 502 300 Affendens
543 234 800 294 memtris,
813 234 888 294 toto
923 234 963 294 de
990 234 1139 294 corpore
1173 231 1288 291 puttae

279 306 426 366 Gillant
478 300 523 360 &at;
540 296 654 356 nineo
693 293 886 353 collurent
932 294 1119 354 membra
1153 299 1307 359 colore.

270 371 319 431 As
340 365 459 425 obi
480 361 528 421 ter
557 357 682 417 latires
710 354 843 414 trausit
885 355 1094 415 sacrumque
1101 362 1311 422 liquorem,

282 426 457 486 mendit
506 418 706 478 nurelam
753 417 810 477 &amp;
834 419 977 479 sarrum
1034 424 1130 484 ts
1153 431 1313 491 conperit
1344 436 1447 496 qi¬

273 493 370 553 Atque
385 486 535 546 hmuli
558 482 655 542 secum
707 481 910 541 meditate
947 486 1149 546 carmina
1187 496 1307 556 voce¬

280 551 362 611 Him
416 544 559 604 pateras
597 541 694 601 guut
740 542 929 602 nimpliis
967 548 1110 608 Bachoq
1156 557 1321 617 repletas

303 581 348 641 2t
272 624 294 684 A
406 610 540 670 libaris
585 605 697 665 sugis
731 606 989 666 sprimantia
1044 615 1180 675 parula
1225 624 1370 684 fundit

279 681 351 741 Ter
379 674 497 734 thura
533 669 716 729 inrendit
761 672 1016 732 fumantia,
1034 677 1144 737 terque
1163 684 1335 744 liquorem

270 739 448 799 Estudit
488 732 731 792 Vitreum,
747 734 959 794 repitaris
1007 740 1064 800 ter
1105 746 1242 806 fama
1283 757 1412 817 vecessit

275 800 487 860 Abhorrens
536 793 680 853 sreleris
721 793 831 853 tanti
852 796 1058 856 libamina
1100 807 1175 867 dira

277 856 483 916 sumere,
511 852 583 912 non
618 851 682 911 illi
717 851 831 911 metis
867 855 1023 915 fidutia
1074 867 1166 927 ressit

272 925 327 985 Se
365 917 495 977 magis
532 912 690 972 infoelix
727 912 764 972 in
802 913 978 973 magris
1025 922 1172 982 paetitit
1201 934 1332 994 ausis,

265 988 316 1048 Et
350 979 461 1039 perma
512 973 726 1033 inclinans
760 976 871 1036 ante
905 981 1008 1041 aras
1050 988 1153 1048 talia
1196 994 1306 1054 fat.

209 1050 366 1110 nactia
403 1044 417 1104 o
455 1041 544 1101 vire
604 1040 731 1100 sumo
768 1042 1037 1102 Cadamata
1081 1050 1252 1110 tonanti

273 1107 484 1167 Intrasti
511 1103 713 1163 thalamos
749 1101 859 1161 diuos
895 1102 1070 1162 prnonis
1097 1111 1261 1171 iniquae

783 1136 806 1196 2
274 1168 324 1228 Da
361 1164 483 1224 preror
518 1160 562 1220 vt
598 1159 706 1219 possim
756 1159 907 1219 tuiltum
965 1165 1101 1225 supare
1137 1178 1310 1238 labores

274 1234 326 1294 Et
348 1227 519 1287 genitus
564 1223 624 1283 aio
675 1224 816 1284 luctus
854 1225 869 1285 e
905 1229 1069 1289 pectore
1099 1234 1217 1294 pelle¬

287 1296 448 1356 dnobis
482 1288 525 1348 si
558 1285 736 1345 vnquam
796 1286 941 1346 recidit
974 1290 1009 1350 ti
1042 1296 1229 1356 victima
1272 1310 1415 1370 grata¬

280 1355 427 1415 Nune
451 1349 537 1409 sine
573 1346 635 1406 mno
672 1345 794 1405 pribus
818 1346 966 1406 tantis
1003 1353 1175 1413 votisque
1187 1364 1335 1424 potici.

287 1418 367 1478 Est
407 1409 567 1469 innenis
608 1407 672 1467 mi
720 1409 944 1469 velremens
992 1416 1056 1476 hei
1089 1423 1217 1483 caussa
1249 1434 1385 1494 dolovis

291 1477 396 1537 Qui
424 1470 558 1530 raquit
597 1468 768 1528 miseram
826 1473 960 1533 misere
998 1478 1026 1538 et
1065 1485 1180 1545 mala
1208 1497 1342 1557 spicula
1371 1509 1456 1569 firit

274 1536 401 1596 Qonem
452 1531 579 1591 simili
604 1531 637 1591 &at
672 1532 781 1592 nobis
824 1536 916 1596 nun
976 1542 1043 1602 oro
1077 1552 1281 1612 intendas
1314 1568 1475 1628 amore.

271 1603 320 1663 Si
354 1598 461 1658 foelix
511 1595 660 1655 tantus
702 1596 809 1656 nobis
834 1601 1050 1661 successerit
1091 1609 1191 1669 ipris

271 1665 284 1725 D
331 1660 392 1720 Dea
432 1656 653 1716 comeritos
687 1659 821 1719 statim
888 1667 1076 1727 captabis
1116 1676 1277 1736 henores

273 1723 372 1783 Ante
412 1717 506 1777 tuas
539 1716 592 1776 ate
632 1718 725 1778 aras
772 1724 918 1784 etemin
965 1732 1098 1792 grissa
1145 1740 1258 1800 securi

283 1783 481 1843 Victima
525 1781 636 1841 grata
680 1784 844 1844 radet,
870 1790 1052 1850 dabimus
1069 1797 1111 1857 quie
1120 1802 1258 1862 tturis
1284 1810 1422 1870 hecores

269 1846 578 1906 Iummeres,
590 1846 703 1906 aram
767 1849 911 1909 priam
968 1854 1056 1914 sine
1082 1858 1157 1918 luce
1201 1865 1346 1925 videbis

277 1913 461 1973 Nunqe,
478 1913 512 1973 se
546 1913 680 1973 semmque
696 1915 848 1975 gratum
906 1919 1099 1979 redolebit
1133 1924 1275 1984 odorem

200 1987 368 2047 Talibus
409 1981 476 2041 hoc
502 1980 618 2040 diuam
686 1981 787 2041 votis
820 1984 1013 2044 pribusere
1054 1987 1205 2047 fatigat

277 2048 360 2108 Nec
397 2047 522 2107 vndet
570 2047 743 2107 attereis
785 2048 935 2108 rimen
988 2051 1185 2111 narrare
1215 2057 1418 2117 netandum

278 2117 330 2177 Et
376 2114 497 2174 petere
534 2113 723 2173 angilium
790 2115 904 2175 (Ctata
949 2117 1001 2177 et
1040 2121 1212 2181 vesania
1258 2129 1431 2189 mentis)
