2000 2581
364 176 583 236 Eraterno
614 168 763 228 cupidi
795 164 1029 224 maculent
1076 164 1115 224 vt
1155 166 1358 226 sanguine
1397 173 1577 233 dextras.

376 253 468 313 Vna
506 241 645 301 tamen
683 232 845 292 iutis
884 229 1069 289 placuit
1107 235 1361 295 sententia,
1385 249 1515 309 frater

380 320 427 380 Vt
455 310 606 370 pereat
653 300 832 360 inueris
878 299 1029 359 insere
1067 304 1264 364 vitamue
1292 317 1508 377 relinquat

376 383 476 443 Hos
507 375 614 435 inter
660 370 790 430 senior
820 368 1013 428 longisque
1051 372 1228 432 veritior
1273 380 1419 440 annist

372 447 549 507 Comotos
587 438 719 498 cernit
765 436 912 496 Ruben
957 437 997 497 et
1042 441 1212 501 talibus
1259 448 1382 508 insit.

288 515 389 575 sei
421 509 569 569 dolor,
585 505 608 565 o
639 503 842 563 fratres,
866 503 920 563 quad
943 503 1006 563 vos
1045 509 1279 569 dementia
1326 521 1451 581 verat

370 579 572 639 ttorvida
617 573 819 633 fraterne
849 574 1127 634 meditantes
1165 582 1352 642 crimina
1389 592 1524 652 redis.

372 652 399 712 In
439 647 506 707 vas
547 643 648 703 quid
702 639 843 699 feater
891 639 1026 699 petuit
1073 643 1261 703 quittere
1296 653 1511 713 tantum,

378 722 430 782 vt
467 714 632 774 vestris
677 707 871 767 manibus
917 708 1163 768 perianus
1201 714 1388 774 concidat
1432 722 1559 782 inons

373 786 535 846 Poctora
578 775 672 835 num
714 771 877 831 tantum
928 772 1098 832 puerilia
1150 780 1321 840 somma
1363 789 1534 849 terrent

375 849 544 909 limorui
576 845 625 905 vt
665 843 842 903 inueris
883 845 1092 905 queratis
1132 851 1278 911 quodere
1318 854 1447 914 vitam

383 923 497 983 Caus
550 916 717 976 Quare
752 914 929 974 mouent
965 914 1008 974 tm
1071 917 1185 977 roerae
1211 925 1459 985 spectacula
1493 938 1556 998 not
1573 944 1617 1004 tis

388 996 496 1056 Que
525 987 691 1047 Cmulti
721 982 761 1042 vt
809 982 987 1042 pluibent
1055 986 1172 1046 solum
1222 997 1458 1057 mendatia
1487 1013 1653 1073 signant

373 1068 428 1128 Et
461 1057 611 1117 nunque
652 1050 763 1110 vere
811 1052 1130 1112 designauere
1169 1063 1376 1123 futura.

389 1125 552 1185 Ruod
603 1120 634 1180 si
665 1118 777 1178 Calij
798 1118 838 1178 vt
880 1120 1104 1180 plhibent)
1114 1124 1196 1184 non
1237 1130 1339 1190 sunt
1371 1140 1575 1200 insonuiaue
1595 1154 1728 1214 vana¬

374 1202 427 1262 Se
472 1191 607 1251 rerum
660 1184 848 1244 euentus
892 1186 1071 1246 varies
1125 1194 1160 1254 et
1223 1201 1322 1261 fata
1366 1214 1527 1274 futura

380 1262 527 1322 proessia
564 1253 836 1313 designant,
861 1256 947 1316 quoe
972 1260 1046 1320 vos
1083 1271 1355 1331 Stultissima
1404 1289 1502 1349 copit

377 1323 617 1383 Impietas,
634 1318 762 1378 fatis
814 1321 993 1381 diuunq
1045 1334 1267 1394 resistere
1309 1351 1454 1411 menti

378 1392 614 1452 Impellens
685 1388 788 1448 raero
829 1390 1015 1450 rapienis
1055 1397 1179 1457 mala
1219 1409 1354 1469 corda
1405 1428 1559 1488 furore

378 1471 436 1531 Si
466 1463 563 1523 deus
603 1457 711 1517 suum
769 1456 955 1516 statuit
995 1462 1103 1522 leges
1152 1468 1190 1528 et
1230 1479 1386 1539 stextra
1436 1499 1583 1559 tenere

382 1539 478 1599 Non
523 1530 610 1590 evit
655 1525 690 1585 in
733 1525 865 1585 nobis
910 1530 1086 1590 aeterna
1148 1545 1359 1605 repellere
1394 1560 1491 1620 fata

316 1610 346 1670 91
387 1607 481 1667 Nam
537 1595 715 1655 querung
762 1592 874 1652 deus
913 1596 1071 1656 sumius
1128 1608 1230 1668 vult
1268 1617 1344 1677 esse
1381 1633 1531 1693 futura

328 1680 357 1740 37
397 1669 576 1729 mpedit
623 1663 745 1723 haud
783 1663 934 1723 omnis
971 1673 1224 1733 comunta
1263 1690 1356 1750 pria
1394 1706 1563 1766 mundi

387 1738 604 1798 Quidue
638 1731 780 1791 patrem
845 1734 1031 1794 referam
1096 1747 1293 1807 vetulum
1357 1763 1434 1823 qui
1456 1776 1608 1836 pestore
1636 1785 1721 1845 toto

382 1804 523 1864 Itunc
569 1794 711 1854 amat
767 1796 946 1856 affictae
983 1808 1152 1868 dantem
1218 1828 1388 1888 solatia
1434 1845 1603 1905 menti¬

386 1874 512 1934 Qui
538 1863 683 1923 simul
716 1861 767 1921 vt
809 1863 962 1923 harum
1013 1872 1166 1932 natum
1225 1888 1353 1948 pysse
1386 1905 1564 1965 videbit

381 1944 486 2004 Cum
548 1932 750 1992 maerore
786 1930 891 1990 gram
962 1940 1155 2000 tristem
1234 1963 1472 2023 Restendet
1507 1981 1560 2041 ad
1595 1995 1737 2055 oriu¬

379 2009 486 2069 Non
526 2000 633 2060 ipite
674 1997 929 2057 Chratres)
942 2005 1143 2065 moneat
1184 2016 1265 2076 vos
1292 2027 1438 2087 tanta
1480 2047 1642 2107 Cupido

387 2073 611 2133 Decidere
654 2066 697 2126 vt
728 2065 899 2125 fratrem
964 2074 1209 2134 iniserum,
1230 2087 1305 2147 tum
1370 2098 1433 2158 fre
1487 2113 1636 2173 pempto

391 2141 607 2201 Sernere
640 2134 727 2194 prot
770 2133 922 2193 miscri
965 2142 1172 2202 cupiatis
1225 2156 1323 2216 fata
1367 2170 1606 2230 paterna.
