2000 2581
510 163 584 223 Non
617 166 730 226 tamen
757 168 804 228 his
838 169 951 229 pribus
991 170 1091 230 diuot
1144 170 1291 230 Hectere
1325 169 1458 229 mumen

508 228 650 288 Infollix
689 228 818 288 potuiti
869 231 1057 291 terventia
1102 233 1193 293 signa
1238 232 1367 292 futuri

508 293 674 353 Accipit,
687 290 761 350 ipsa
814 289 873 349 dea
913 290 940 350 in
979 292 1073 352 sacro
1106 296 1252 356 cometa
1292 300 1398 360 sacolo
1425 302 1471 362 est

512 356 738 416 Commissitqu
773 351 872 411 raput
915 350 1090 410 talemque
1119 351 1267 411 neganit
1309 354 1507 414 amorem.

500 429 552 489 Sa
587 423 658 483 non
704 416 873 476 conatus
926 413 1095 473 reptes,
1112 413 1176 473 nec
1217 414 1363 474 linquit
1404 414 1532 474 amore

501 487 669 547 Micitum
734 476 793 536 ast
829 472 976 532 animo
1019 472 1137 532 recus
1180 473 1305 533 magis
1341 475 1488 535 aestuat
1516 476 1626 536 ipris.

470 551 567 611 veque
591 543 695 603 equus
728 537 897 597 effrenis
937 534 1034 594 agite
1074 534 1139 594 qui
1163 535 1275 595 dulcia
1308 536 1445 596 linquit

502 610 678 670 taseua,
699 597 904 657 consuetus
953 595 1065 655 iusta
1107 597 1298 657 comercia
1340 601 1446 661 equot

496 670 727 730 Audere,
757 659 832 719 non
876 656 1003 716 foema
1040 656 1272 716 admittit,
1287 659 1346 719 nec
1377 661 1534 721 tramite
1563 662 1652 722 resto

734 716 894 776 lenibus
937 715 1031 775 semp
1068 714 1228 774 luctatur
1249 713 1416 773 habenis.
508 732 665 792 predit

1045 743 1169 803 Tortius
606 750 731 810 stimilio
511 795 553 855 si
577 783 823 843 vosuistiges
871 774 985 834 duris
1033 773 1266 833 interitus
1308 774 1410 834 illum

513 849 667 909 Efferte
713 837 921 897 rabidus,
936 834 1115 894 cernitem
1161 835 1346 895 roneutit
1393 838 1493 898 altam

509 910 713 970 Calciteat
753 900 792 960 &amp
823 896 934 956 roelum
989 893 1131 953 crebris
1170 895 1415 955 himuitibus
1454 905 1611 965 implens

524 972 657 1032 Coetus
687 961 883 1021 consuetos
922 958 960 1018 &et
1000 958 1125 1018 dulcia
1164 960 1312 1020 respicit
1343 961 1475 1021 arua.

513 1033 625 1093 Hand
662 1025 787 1085 aliter
824 1021 918 1081 coero
955 1021 1105 1081 mulier
1149 1022 1298 1082 cometa
1348 1022 1485 1082 furore

509 1101 666 1161 Aestuat
703 1089 866 1149 effienis
935 1083 1124 1143 nenum
1192 1081 1431 1141 modaminu
1462 1078 1574 1138 iurat

513 1166 682 1226 Debita,
707 1156 741 1216 se
766 1150 868 1210 lagis
910 1146 1002 1206 hinc
1045 1145 1146 1205 inde
1180 1144 1306 1204 efferte
1349 1145 1544 1205 habenis.

519 1227 718 1287 Occuruit
765 1216 865 1276 ratio
905 1209 1078 1269 prohibet
1125 1206 1212 1266 quae
1238 1207 1411 1267 crimina
1452 1211 1558 1271 tanta

520 1294 605 1354 Ast
640 1285 753 1345 alium
810 1277 902 1337 coero
944 1272 1085 1332 nutrit
1141 1271 1198 1331 sub
1233 1271 1339 1331 corde
1375 1271 1509 1331 dolorem

523 1349 765 1409 Imensum,
786 1336 970 1396 durum,
990 1331 1233 1391 ceudelem,
1252 1332 1378 1392 quique
1399 1335 1544 1395 rebellis

512 1420 606 1480 Non
641 1405 757 1465 aliud
800 1395 995 1455 veripit,
1010 1394 1046 1454 si
1075 1394 1147 1454 non
1183 1396 1385 1456 modumen
1413 1399 1595 1459 amoris.

462 1483 575 1543 Stulta
623 1471 707 1531 quid
746 1464 822 1524 hec
887 1458 992 1518 dicit
1030 1456 1200 1516 curas,
1228 1458 1408 1518 vanosque
1427 1465 1588 1525 timores

515 1537 738 1597 concipis,
764 1529 808 1589 an
853 1523 1022 1583 frustra
1058 1523 1120 1583 hec
1155 1523 1192 1583 te
1227 1524 1325 1584 num
1397 1530 1521 1590 repisse
1548 1536 1699 1596 inuabit

514 1597 768 1657 pergendum
818 1585 930 1645 certe
992 1584 1114 1644 ceptum
1175 1587 1328 1647 finpre
1348 1591 1511 1651 laborem

525 1658 661 1718 Vorus
704 1650 840 1710 satius
872 1646 1009 1706 fuerit
1082 1648 1230 1708 medio
1261 1652 1314 1712 quae
1335 1660 1545 1720 absistere
1566 1672 1650 1732 fine

521 1718 764 1778 Andendum
822 1711 873 1771 est
917 1710 1115 1770 aliquid,
1145 1714 1314 1774 fortisque
1335 1721 1489 1781 audacia
1527 1726 1636 1786 rebus

512 1788 621 1848 Adsit
700 1778 772 1838 non
819 1774 1007 1834 timides
1055 1776 1228 1836 Veneris
1259 1781 1362 1841 bona
1401 1785 1496 1845 mua
1535 1788 1700 1848 ducunt.

514 1855 579 1915 Sit
612 1845 694 1905 tibi
727 1840 826 1900 num
901 1837 1049 1897 virtus
1098 1842 1312 1902 praestans,
1320 1847 1369 1907 sit
1394 1850 1567 1910 spiritus
1600 1854 1673 1914 acer

516 1917 650 1977 Necat
673 1908 801 1968 anor
832 1905 888 1965 hc
935 1904 1061 1964 sauus
1101 1905 1172 1965 leto
1196 1907 1227 1967 ti
1258 1909 1353 1969 fine
1378 1915 1551 1975 carebit.

459 1989 575 2049 Dirit
614 1981 653 2041 &ept
684 1977 754 2037 hec
792 1974 986 2034 constans
1032 1975 1188 2035 anmo
1234 1983 1435 2043 sententia
1481 1991 1574 2051 sedit

534 2040 784 2100 ortinnare
823 2035 945 2095 nefas
984 2036 997 2096 a
1054 2038 1157 2098 duro
1189 2044 1343 2104 redere
1388 2050 1561 2110 amori.

510 2109 590 2169 Htim
658 2099 832 2159 habitus
869 2097 1030 2157 rursum
1093 2100 1247 2160 regates
1291 2106 1433 2166 accipit
1476 2111 1582 2171 illa,

501 2174 564 2234 Et
601 2167 728 2227 corpus
765 2162 892 2222 genis
919 2161 929 2221 5
956 2161 1256 2221 plendentibus
1293 2167 1420 2227 ornat
1456 2170 1493 2230 ap
1529 2174 1628 2234 auro
