2000 2581
678 148 858 208 11051

326 215 405 275 tar
436 205 610 265 amant
641 206 815 266 mnentum
864 211 1022 271 prinora
1053 212 1181 272 charn
1196 205 1340 265 enmn.

277 293 359 353 Ipsa
399 286 456 346 ego
489 282 546 342 ssi
570 281 676 341 nescis
726 280 782 340 oro
832 281 897 341 quoe
930 282 1077 342 foedere
1101 281 1215 341 inucta

341 354 419 414 zum
465 349 575 409 tibi,
595 348 634 408 quae
647 347 738 407 terum
796 347 901 407 facta
947 348 1090 408 parente
1122 350 1278 410 parens.

263 436 316 496 At
353 424 478 484 ignosce
513 417 639 477 proe,
657 415 747 475 nisi
773 415 854 475 enim
907 416 961 476 sic
997 419 1104 479 lapsa
1140 420 1283 480 fuissem

350 493 451 553 Qut
486 486 569 546 foret
610 483 670 543 huc
711 483 836 543 meriti
871 485 996 545 gratia
1038 487 1150 547 tanta
1191 487 1227 547 im

278 560 350 620 Pn
385 554 448 614 tibi
484 551 610 611 deserti
628 551 798 611 tendunt
852 553 914 613 sua
959 557 1112 617 bractiia
1147 562 1246 622 nati

339 626 404 686 En
436 622 534 682 vorat
575 621 730 681 absentem
787 623 909 683 blaesula
959 628 1081 688 liugna
1122 633 1284 693 patrem.

288 701 392 761 Hes
416 695 464 755 ego
487 692 544 752 cum
591 690 695 750 video
736 692 935 752 lacheymis
984 698 1063 758 mea
1104 703 1208 763 corda
1247 708 1391 768 subortis

355 771 419 831 Vix
451 767 562 827 anium
610 767 729 827 luctus
777 769 1048 829 tristitiamque
1080 771 1215 831 ferunt

284 854 344 914 Ab
377 846 450 906 proc
484 839 643 899 antiqui
690 836 856 896 renones
896 839 1089 899 commilia
1135 846 1328 906 amoris,

339 920 399 980 fer
432 915 506 975 proc
533 911 600 971 lut
640 907 787 967 reduces
834 907 860 967 in
901 908 981 968 mea
1027 911 1108 971 vota
1155 914 1288 974 pedes.

306 998 381 1058 oc
419 987 502 1047 sorer
541 978 699 1038 exoptat
746 975 867 1035 patria
905 976 971 1036 qui
998 979 1111 1039 gente
1139 985 1298 1045 sacerdos

352 1058 498 1118 Exeret
550 1050 671 1110 pentis
706 1050 869 1110 mystita
921 1053 1016 1113 sacea
1059 1054 1145 1114 sua.

315 1142 392 1202 Hoc
418 1134 454 1194 si
471 1128 575 1188 nemo
600 1123 696 1183 petat
757 1120 861 1180 iubet
904 1121 940 1181 id
974 1123 1096 1183 tamen
1131 1126 1217 1186 vsque
1235 1130 1365 1190 olenda

360 1200 484 1260 Quam
546 1191 644 1251 mihi
689 1190 867 1250 prouisit
912 1198 1054 1258 deptera
1090 1205 1224 1265 sancta
1250 1210 1375 1270 fides.

313 1281 417 1341 Quod
454 1273 482 1333 si
501 1269 558 1329 ego
585 1266 773 1326 percam,
792 1267 970 1327 fateor,
989 1271 1017 1331 tu
1055 1277 1196 1337 ignosse
1233 1290 1411 1350 fatenti,

355 1348 443 1408 Non
479 1338 645 1398 magis,
663 1337 724 1397 hec
750 1339 987 1399 miseram,
1014 1353 1234 1413 poemtuisse
1268 1367 1365 1427 queo¬

567 1381 589 1441 de
591 1382 710 1442 lederi
310 1418 685 1478 Qujgliestantigen
777 1416 979 1476 consuetos
1020 1427 1172 1487 fernere
1202 1442 1385 1502 vaters,

354 1499 440 1559 Hic
471 1489 582 1549 mihi
597 1487 644 1547 ren
699 1488 825 1548 festus
872 1494 942 1554 vite
981 1504 1155 1564 colendus
1193 1513 1264 1573 erit

302 1581 408 1641 Siue
434 1570 522 1630 ipite
558 1564 647 1624 repto
681 1564 805 1624 cupias
849 1572 1070 1632 persistere
1097 1585 1238 1645 cursu¬

365 1656 438 1716 sen
471 1642 617 1702 cesses,
637 1637 753 1697 possim
816 1638 889 1698 fac
930 1645 1045 1705 romes
1088 1654 1161 1714 esse
1181 1666 1287 1726 tibi.

561 1771 828 1831 MOSES
897 1773 1326 1833 SLPUOAII

296 1876 405 1936 Dug
432 1871 528 1931 miti
556 1868 706 1928 minsisti
734 1869 830 1929 lento
857 1873 1117 1933 maestissima
1157 1882 1280 1942 camax

368 1945 521 2005 Tradita
568 1938 649 1998 sunt
689 1937 777 1997 fida
825 1939 937 1999 scripta
977 1944 1106 2004 notata
1145 1951 1290 2011 manu.

408 1988 430 2048 1e
313 2025 504 2085 Harpum
546 2010 620 2070 legi
674 2007 875 2067 Ciuranti
908 2011 1014 2071 rede
1045 2019 1236 2079 marito)

373 2101 546 2161 Pallentes
584 2089 796 2149 lactirymis
835 2090 1056 2150 rimaduere
1095 2098 1229 2158 gerae.
