2000 2581
315 164 433 224 Huic
457 156 575 216 tandem
626 149 743 209 oxterin
777 145 952 205 narrant
995 143 1079 203 ebus
1104 143 1296 203 prophretae,

389 235 502 295 Lin
542 224 655 284 damn
736 218 912 278 Ninenes
961 219 1123 279 sumaque
1138 220 1211 280 fata
1251 221 1381 281 ferat.

331 310 487 370 Torvuitus
515 297 569 357 hoc
588 293 680 353 audit
716 291 873 351 prinreps
909 293 1084 353 animoque
1111 294 1258 354 renoluit

396 370 498 430 Num
544 365 627 425 tales
665 362 762 422 possit
807 361 1012 421 comrernisse
1045 363 1198 423 minas.

337 443 431 503 Nec
468 441 554 501 mora
598 436 758 496 cognossit
817 432 940 492 puersi
969 432 1128 492 crimina
1164 438 1259 498 iuris

393 520 462 580 Et
502 515 549 575 qi
580 510 658 570 sint
705 507 775 567 toto
815 506 885 566 iura
932 506 1072 566 repulsa
1120 509 1213 569 foro.

380 598 451 658 Nec
490 588 697 648 dubitat,
720 582 816 642 Eebis
863 582 927 642 non
966 582 1045 642 visi
1077 584 1187 644 credit
1235 591 1322 651 Tonae

388 672 460 732 Et
493 662 690 722 Dominum
735 656 846 716 iustas
886 656 991 716 nout
1036 657 1148 717 habere
1181 660 1318 720 manus

334 746 441 806 Hur
495 741 566 801 solio
593 737 744 797 exressus
780 734 914 794 regalia
959 733 1075 793 sceptra
1111 733 1280 793 relinquit
1493 708 1602 768 Regis
1630 705 1754 765 poeni¬
1499 758 1589 818 tentia

394 825 470 885 Et
508 822 622 882 procul
661 819 670 879 a
709 817 832 877 fristi
861 815 985 875 fronte
1023 814 1147 874 corona
1185 815 1299 875 radit

344 909 546 969 Pmpureas
586 898 675 958 ponit
724 893 894 953 Vestes,
911 892 1097 952 commuia
1137 894 1250 954 lanta

404 983 549 1043 Deserit
595 973 641 1033 &ap
677 968 841 1028 manibus
877 966 969 1026 corda
1005 966 1105 1026 petita
1142 971 1305 1031 nepunt.

346 1062 474 1122 Damqe
496 1052 636 1112 manus
668 1044 818 1104 tristeis
860 1042 893 1102 in
925 1043 1044 1103 caelum
1097 1047 1259 1107 porvigit
1291 1056 1387 1116 altum

397 1137 505 1197 Atqu
538 1130 602 1190 Dei
636 1124 775 1184 assiduo
798 1117 960 1177 quature
982 1117 1144 1177 clamat
1176 1122 1241 1182 apem

340 1218 412 1278 Jam
461 1206 643 1266 grumbit
679 1197 812 1257 hnn,
836 1193 898 1253 iam
946 1192 1103 1252 putuere
1129 1195 1225 1255 corpa
1237 1201 1382 1261 spareit

386 1290 456 1350 Et
505 1280 602 1340 fado
637 1273 755 1333 voluit
797 1269 887 1329 regia
930 1267 1096 1327 membra
1132 1267 1222 1327 luto.

341 1370 468 1430 Anpia
499 1358 564 1418 rum
606 1350 754 1410 genitu
795 1345 912 1405 crebro
955 1345 1124 1405 suspiria
1156 1348 1283 1408 misset

408 1439 516 1499 Cum
565 1429 692 1489 pribus
732 1422 958 1482 latrrymas
997 1421 1067 1481 cum
1115 1426 1361 1486 lacuynisque
1380 1435 1489 1495 pres.

338 1516 506 1576 Tandem
555 1505 623 1565 vbi
654 1499 841 1559 magniaio
861 1498 999 1558 repulit
1048 1500 1088 1560 de
1127 1503 1275 1563 pertore
1306 1509 1423 1569 Actus

395 1582 545 1642 Incaepit
595 1580 776 1640 inaestus
805 1579 916 1639 talia
945 1577 1036 1637 vba
1065 1575 1205 1635 loqui.

1545 1661 1663 1721 Regis
1701 1659 1782 1719 ona¬
1605 1708 1659 1768 tio.
323 1663 477 1723 Dpr
532 1660 566 1720 o
599 1657 698 1717 raeli
731 1653 963 1713 princeps,
984 1652 1128 1712 iustiss.
1139 1656 1238 1716 inde

405 1737 539 1797 un
611 1730 663 1790 sub
694 1727 818 1787 Impio
849 1725 952 1785 ciius
983 1726 1127 1786 subdita
1168 1733 1292 1793 runcta
1323 1744 1436 1804 rarent

341 1815 480 1875 Impia
514 1809 689 1869 cognosso
712 1805 886 1865 ceudelis
920 1806 1095 1866 crrimina
1129 1812 1291 1872 culpae¬

386 1896 467 1956 Et
502 1886 646 1946 poenas
683 1881 790 1941 video
827 1879 881 1939 ne
925 1879 1114 1939 meruisse
1159 1884 1322 1944 graues.

352 1972 559 2032 Confiteor
594 1962 720 2022 iisere
766 1958 846 2018 duro
891 1958 1125 2018 modamine
1161 1965 1314 2025 pressos.

410 2048 595 2108 Queis
632 2044 688 2104 ego
734 2041 892 2101 debuera
930 2039 1143 2099 consuluisse
1170 2044 1300 2104 prius.

313 2132 498 2192 Aenosso
525 2123 658 2183 falsas
686 2121 777 2181 legis
819 2121 1070 2181 subuersaque
1098 2123 1190 2183 iura
