2000 2581
316 137 394 197 Cum
449 138 644 198 pedibusque
659 140 754 200 pedes
785 144 926 204 nectit,
941 148 1130 208 niuersque
1145 149 1309 209 lacertos

318 194 491 254 Inquieris
528 197 708 257 lumeris
751 200 881 260 corpus
924 203 993 263 eum
1042 206 1191 266 corpore
1221 209 1351 269 inneit

316 260 439 320 Sepius
472 254 585 314 inuuto
624 254 770 314 inueri
809 258 871 318 sua
916 262 1016 322 basia
1056 263 1213 323 litans.

320 326 393 386 Ast
423 318 481 378 vbi
517 315 774 375 necquisquam
832 321 898 381 sese
927 324 978 384 luc
1008 326 1125 386 tarer
1161 325 1219 385 ille

321 379 554 439 constexit,
566 379 705 439 tandem
761 380 875 440 visum
925 386 1114 446 estmale
1139 394 1278 454 viribus
1309 402 1378 462 vti¬

309 441 456 501 Spponit
493 438 646 498 tractiis
676 438 855 498 lumneros
897 441 1039 501 cenur
1075 448 1204 508 reflexa

321 506 503 566 alvitrat
557 497 717 557 Dcubito
747 496 892 556 pondus
931 498 1076 558 depellit
1106 505 1258 565 inari.

307 572 359 632 At
404 563 598 623 constans
630 556 746 616 anun
791 555 934 615 mulier
966 558 1050 618 num
1101 563 1186 623 vsque
1205 571 1334 631 resistit

310 629 356 689 Et
395 623 466 683 plus
489 620 535 680 quae
551 616 683 676 mulier
715 613 933 673 faribundo
964 616 1104 676 pugnat
1144 628 1299 688 amori.

313 688 399 748 Non
422 679 555 739 tamen
586 674 648 734 hoc
679 672 796 732 potuit
835 674 999 734 inueris
1030 685 1241 745 deninere
1271 700 1365 760 viret

309 742 470 802 Debilis,
484 736 525 796 &ep;
553 733 693 793 tandem
742 733 958 793 brachiorum
1014 741 1147 801 virula
1188 752 1363 812 remittit

313 803 359 863 At
390 796 506 856 raquit
546 792 670 852 vestem
732 794 958 854 manibus,
973 800 1074 860 hamc
1113 805 1167 865 ille
1199 813 1393 873 remittens

311 862 355 922 Al
392 856 495 916 unser
531 853 685 913 aufugit
729 855 926 915 trepidus,
941 860 985 920 sed
1022 865 1175 925 foemina
1212 872 1358 932 muctos

307 915 445 975 Euocat
490 913 578 973 hinc
617 914 778 974 famulos
817 918 1011 978 clamans
1044 925 1183 985 intensa
1227 931 1349 991 furore

311 973 458 1033 talsaque
482 972 621 1032 reudeli
653 973 862 1033 meditarer
885 977 1057 1037 crimina
1095 985 1274 1045 linqua.

253 1037 473 1097 Aeprogate
509 1033 594 1093 viri
637 1033 872 1093 Ctamat)
893 1037 993 1097 mur
1036 1042 1142 1102 orpus
1178 1050 1349 1110 omnes.

301 1097 512 1157 Accuerite
545 1093 637 1153 lens
676 1094 888 1154 famuli,
907 1099 1012 1159 duam
1072 1106 1217 1166 seruate
1250 1112 1421 1172 furentis

298 1155 537 1215 4manitus
582 1154 754 1214 inuenis
821 1157 932 1217 quum
1005 1165 1166 1225 violare
1200 1174 1355 1234 pudorem

295 1213 501 1273 Instituit
540 1212 607 1272 rem
680 1215 787 1275 leus
820 1219 920 1279 teus
959 1226 1153 1286 accurrite
1193 1235 1332 1295 tandem

254 1276 392 1336 Talibus
424 1273 487 1333 hec
512 1272 618 1332 autam
669 1274 769 1334 totam
813 1280 1052 1340 clamoribus
1083 1288 1216 1348 implet

290 1337 508 1397 Accurrunt
552 1333 700 1393 facul
751 1335 777 1395 et
809 1339 969 1399 famudi
1001 1349 1186 1409 camore
1218 1365 1366 1425 vocati

293 1402 339 1462 Et
374 1398 491 1458 duam
551 1396 714 1456 fentem
772 1401 1019 1461 ieniunt
1065 1420 1288 1480 vestemque
1300 1442 1441 1502 tenetem

285 1466 334 1526 Il
374 1464 463 1524 dolor
502 1463 759 1523 Cexelamat)
780 1464 838 1524 que
859 1467 917 1527 ine
948 1473 1056 1533 male
1086 1484 1215 1544 sanus
1244 1501 1353 1561 posepti

294 1538 449 1598 Afflisit
498 1531 664 1591 inseram
732 1531 820 1591 proh
850 1534 986 1594 quanta
1024 1542 1181 1602 audatia
1230 1560 1376 1620 mentis

286 1601 348 1661 dli
372 1596 560 1656 narrare
591 1593 708 1653 pudet
779 1595 928 1655 quanto
967 1600 1061 1660 nuur
1116 1609 1178 1669 ille
1218 1622 1358 1682 furore

287 1662 496 1722 Rgpressus
531 1655 694 1715 inseram
753 1658 904 1718 lictum
951 1670 1207 1730 thalamuosque
1231 1685 1382 1745 ingales

287 1730 510 1790 Sollicitare
544 1726 642 1786 meos
670 1726 767 1786 cepit
808 1728 864 1788 nec
913 1734 1073 1794 destitit
1108 1743 1198 1803 ante

294 1797 375 1857 Et
409 1793 599 1853 eamore
633 1792 720 1852 imo
755 1794 930 1854 confugit
971 1800 1160 1860 territus
1201 1809 1322 1869 inde¬

279 1864 361 1924 His
386 1861 501 1921 addit
541 1858 773 1918 lactreginas
805 1859 970 1919 fictas,
986 1865 1168 1925 vultuque
1184 1873 1341 1933 pudorem

286 1930 493 1990 Prefert,
513 1927 559 1987 ne
587 1925 720 1985 desint
758 1925 889 1985 sieleri
919 1931 1135 1991 fraudesque
1155 1942 1277 2002 dolique

292 1989 455 2049 Interea
497 1987 684 2047 famulum
742 1988 840 2048 longa
889 1995 1136 2055 comitante
1160 2011 1323 2071 ratirua

278 2054 452 2114 Putiplar
497 2055 650 2115 inredit
725 2056 893 2116 resonat
930 2066 1196 2126 camoribus
1226 2081 1317 2141 auta

285 2119 460 2179 Mirate
497 2120 589 2180 deus
607 2121 839 2181 lactrogmas
885 2125 1125 2185 magnunque
1144 2137 1356 2197 tumultum
