2000 2581
561 206 866 266 SEPIORI
927 207 1145 267 n1051.

287 313 352 373 Die
385 308 442 368 vbi
466 304 597 364 dilecto
630 302 736 362 fuerit
769 302 924 362 videata
965 305 1071 365 sodale

359 375 516 435 Evende
548 370 606 430 sub
639 368 779 428 arborea
820 368 961 428 maesta
1001 370 1166 430 columba
1208 375 1323 435 gemit

306 451 372 511 An
411 444 498 504 nisi
517 438 660 498 legisses
718 436 842 496 prima
880 437 967 497 mea
1014 442 1178 502 nomina
1225 452 1349 512 fronte

352 525 428 585 Hor
467 512 572 572 braue
610 506 677 566 non
715 503 830 563 mosses
878 505 984 565 vnde
1021 513 1184 573 veniret
1232 523 1309 583 gens

294 593 411 653 Ocia
463 583 488 643 si
514 576 674 636 fuerint
726 573 928 633 romissage
962 579 1090 639 perere
1123 589 1284 649 euras¬

364 658 508 718 Vxoris
546 648 652 708 legito
691 645 825 705 scripta
865 647 1009 707 notata
1047 653 1211 713 manu.

307 733 430 793 Accipe
470 725 512 785 quae
528 722 635 782 mitto
667 717 873 777 muliebris
914 720 1070 780 spribola
1110 729 1241 789 iurae.

794 755 877 815 55pa
1027 756 1085 816 tus
370 805 433 865 Sie
461 796 542 856 rogo
579 790 662 850 sint
707 788 807 848 reptis
853 789 935 849 fata
971 795 1136 855 fuca
1172 803 1245 863 ven

313 878 425 938 Quid
465 863 585 923 tamen
633 856 801 916 incipiam
864 861 1024 921 maiori
1065 873 1177 933 corda
1216 887 1336 947 dolore

352 936 623 996 Deprimor,
646 929 710 989 hyc
744 930 863 990 verbis
907 934 961 994 quoe
973 940 1168 1000 rerimisse
1200 950 1363 1010 quiam.

312 1023 380 1083 Set
400 1015 459 1075 hen
499 1006 636 1066 patriis
665 1005 851 1065 domibus
900 1010 959 1070 tibi
988 1015 1096 1075 impta
1146 1027 1391 1087 relinquor.

358 1087 413 1147 Vt
453 1081 524 1141 solet
556 1078 580 1138 in
619 1076 739 1136 video
778 1077 961 1137 foemina
1023 1082 1159 1142 maesta
1206 1088 1317 1148 thero.

322 1162 447 1222 Nona
501 1153 704 1213 refornatae
728 1149 790 1209 iam
845 1149 985 1209 fulgent
1023 1150 1172 1210 cormia
1226 1157 1374 1217 Lhoebes

355 1238 441 1298 Nec
469 1230 591 1290 tamen
633 1226 705 1286 ipse
741 1225 848 1285 redis
897 1226 962 1286 nec
1005 1227 1070 1287 tua
1112 1230 1234 1290 scripta
1277 1236 1391 1296 mihi¬

326 1307 457 1367 Quuid
490 1298 597 1358 mili
629 1293 834 1353 profuerat
884 1294 949 1354 non
998 1296 1072 1356 vna
1122 1302 1212 1362 prole
1245 1310 1425 1370 parentem

374 1381 419 1441 Te
446 1372 554 1432 patre
581 1363 743 1423 delitias
798 1363 1050 1423 progemmisse
1078 1370 1212 1430 meas:

324 1458 376 1518 Si
399 1444 653 1504 nunlentus
691 1441 759 1501 abes
825 1442 893 1502 nec
938 1445 968 1505 te
1012 1450 1208 1510 promissa
1245 1455 1424 1515 reducunt

358 1512 551 1572 Nmmina
598 1506 660 1566 nec
698 1506 830 1566 nostri
868 1511 1023 1571 tradita
1070 1519 1193 1579 dextra
1248 1524 1340 1584 thori

322 1590 403 1650 Iusa
430 1580 502 1640 colo
530 1574 700 1634 Madian
746 1575 872 1635 ralido
898 1580 971 1640 qua
1015 1586 1142 1646 sydere
1178 1593 1331 1653 Camrer

367 1653 530 1713 Aestuat
570 1646 604 1706 et
628 1645 743 1705 timeit
791 1648 980 1708 membra
1028 1655 1151 1715 colore
1175 1662 1314 1722 nigro.

338 1731 381 1791 At
418 1724 454 1784 in
498 1717 672 1777 Niliaris
709 1715 810 1775 lstus
861 1719 1035 1779 versavis
1072 1724 1101 1784 in
1144 1729 1225 1789 oris

360 1795 533 1855 Narides
585 1788 666 1848 intd
717 1787 952 1847 ssacidung
1004 1794 1136 1854 murus

324 1877 460 1937 Nume
494 1871 527 1931 te
561 1865 731 1925 delestat
777 1864 878 1924 quae
913 1867 1094 1927 quondam
1150 1876 1253 1936 terra
1298 1889 1445 1949 fuganit

365 1944 457 2004 Dum
512 1937 657 1997 peteres
712 1936 867 1996 profugo
912 1941 1049 2001 patria
1094 1948 1186 2008 tecta
1222 1953 1340 2013 pede.

335 2017 439 2077 Cens
483 2009 613 2069 retinet
657 2008 692 2068 te
726 2008 805 2068 num
883 2013 1074 2073 quendam
1127 2020 1162 2080 ti
1196 2026 1301 2086 causa
1336 2033 1441 2093 pidli¬

403 2090 477 2150 Ali
493 2083 608 2143 minus
649 2080 674 2140 in
714 2080 829 2140 iuras
870 2085 961 2145 genis
1001 2095 1198 2155 penerata
1247 2105 1386 2165 meas.
