2000 2581
778 144 1184 204 105Eetirs

438 216 451 276 E
526 211 613 271 Dens
644 204 787 264 adinit
825 200 893 260 mea
937 197 1055 257 tristia
1098 195 1173 255 vota
1211 195 1367 255 dolentis

489 276 537 336 Et
569 271 731 331 sumpsit
779 267 876 327 mas
917 264 1005 324 aure
1046 260 1191 320 patente
1232 253 1328 313 preb.

442 342 551 402 Hinc
585 333 745 393 placido
779 327 881 387 vonam
940 325 1016 385 dno
1058 324 1117 384 imi
1151 323 1218 383 pra
1253 322 1362 382 parta

501 403 654 463 Onnia
701 396 790 456 quod
825 392 925 452 turae
967 390 1138 450 crederet
1179 389 1239 449 ille
1268 389 1380 449 meae.

456 474 490 534 In
532 468 591 528 ine
634 462 700 522 tota
743 456 887 516 demus
929 453 980 513 ren
1022 452 1149 512 falero
1174 452 1292 512 nitite
1327 453 1335 513 v
1453 456 1571 516 vnd,

501 537 564 597 Ne
593 527 720 587 veluti
741 520 925 580 dominum
996 518 1152 578 suspicit
1173 518 1244 578 illa
1286 517 1414 577 suum.

459 606 545 666 Ner
579 597 605 657 in
649 591 717 651 lioc
760 583 933 643 meri,
958 581 1036 641 den
1087 581 1122 641 su
1156 581 1226 641 pra
1260 581 1380 641 ferit¬

509 667 587 727 Hoc
616 661 630 721 a
680 654 737 714 quo
766 649 865 709 nobis
916 645 1073 705 ummus
1115 645 1279 705 honoris
1308 647 1457 707 adest.

454 735 493 795 En
532 727 596 787 sola
635 718 769 778 extepta
809 712 832 772 es
872 708 1046 768 thalami
1077 707 1156 767 spes
1195 710 1377 770 magima
1416 717 1550 777 herilis

514 789 664 849 candia
709 782 799 842 quam
851 777 979 837 veluit
1031 773 1218 833 Pntiphar
1248 774 1316 834 esse
1353 778 1450 838 sua.

454 863 570 923 Tene
601 853 717 913 igirel
747 845 854 905 postim
904 840 1011 900 lecto
1051 839 1295 899 coniungere
1324 845 1500 905 merum,

522 926 597 986 Ant
644 915 780 975 castum
834 907 902 967 dei
943 903 1228 963 comaculare
1268 905 1384 965 torum

457 992 565 1052 Non
598 986 681 1046 est,
697 981 796 1041 crede
822 976 937 1036 mihri
971 973 1036 1033 non
1078 972 1136 1032 est
1169 972 1318 1032 fallaria
1351 976 1508 1036 tanta,

532 1061 573 1121 et
606 1049 738 1109 seruus
780 1040 952 1100 domino
993 1038 1150 1098 qpuaefidus
1184 1038 1249 1098 esse
1282 1038 1422 1098 velim.

454 1132 564 1192 Disse
595 1122 667 1182 meo
698 1113 855 1173 exemplo
911 1107 1076 1167 socialia
1123 1105 1210 1165 iura
1257 1105 1375 1165 tueri

1382 1148 1482 1208 torum
661 1155 765 1215 castum
723 1180 759 1240 au
818 1177 832 1237 a
870 1174 972 1234 seruo
1009 1171 1097 1231 disce
1126 1170 1265 1230 tenere
1309 1169 1397 1229 fide
515 1194 571 1254 Et
609 1183 672 1243 fir

468 1257 642 1317 ti
676 1243 810 1303 fuerit
859 1236 1017 1296 pmissam
1084 1234 1226 1294 fallere
1268 1237 1376 1297 lati

1072 1266 1208 1326 Vanctum
535 1314 685 1374 Quam
734 1301 915 1361 fantam
965 1299 1095 1359 cupiat
1154 1302 1285 1362 sernus
1314 1306 1455 1366 habere
1475 1310 1555 1370 fide

451 1385 570 1445 Sunt
619 1378 651 1438 ti
698 1371 962 1431 Ccensiteor)
978 1369 1226 1429 clavissima
1265 1372 1433 1432 numera
1466 1379 1585 1439 forme

517 1443 615 1503 Est
655 1439 689 1499 ti
729 1437 819 1497 quem
885 1434 1016 1494 possint
1066 1433 1213 1493 vultus
1254 1437 1402 1497 amare
1434 1444 1532 1504 pri.

455 1512 507 1572 Et
561 1506 636 1566 mit
696 1501 840 1561 fuerit
886 1500 1044 1560 domine
1090 1502 1165 1562 non
1210 1504 1362 1564 redere
1407 1507 1445 1567 fp
1482 1509 1573 1569 votis

525 1571 685 1631 Sernum
747 1565 942 1625 postrema
991 1566 1255 1626 conditione
1289 1567 1470 1627 virum.

463 1643 525 1703 Et
568 1636 655 1696 solet
699 1633 760 1693 hic
803 1631 908 1691 foelix
951 1630 1100 1690 numque
1125 1632 1265 1692 beatus
1309 1633 1439 1693 haberi

540 1701 646 1761 Qui
670 1697 743 1757 dup
801 1695 906 1755 possit
971 1695 1110 1755 seruus
1151 1695 1290 1755 amore
1323 1692 1436 1752 fruii

471 1770 563 1830 Ast
598 1763 697 1823 alius
740 1758 852 1818 potius
902 1757 987 1817 fiat
1029 1758 1100 1818 cum
1156 1760 1332 1820 crimina
1389 1763 1530 1823 fielix,

538 1830 666 1890 Quam
721 1822 786 1882 dno
832 1819 961 1879 fullam
1026 1821 1191 1881 prefidus
1228 1823 1301 1883 ipse
1338 1826 1494 1886 fidem.

449 1896 525 1956 Da
568 1892 721 1952 veniam
781 1890 849 1950 non
900 1889 960 1949 est
1003 1890 1130 1950 tanti
1156 1891 1215 1951 tua
1257 1893 1394 1953 gratia
1446 1899 1590 1959 formae

543 1960 725 2020 Pulesrior
774 1957 851 2017 hac
890 1956 976 2016 quin
1025 1957 1073 2017 sit
1112 1958 1179 2018 cum
1237 1962 1382 2022 puetate
1420 1970 1555 2030 fides.

466 2042 514 2102 En
552 2035 620 2095 tud
668 2028 814 2088 ligebis
862 2025 1045 2085 confesto
1075 2025 1113 2085 in
1161 2028 1316 2088 cerpore
1364 2037 1518 2097 damna

547 2111 596 2171 Tn
635 2099 825 2159 speculum
884 2095 983 2155 dices
1023 2095 1171 2155 fallere
1212 2096 1300 2156 posse
1330 2096 1469 2156 tuum.
