2000 2581
894 158 1018 218 n1c
1065 157 1189 217 1101

464 211 574 271 Hei
601 208 739 268 quatios
777 209 896 269 timui
933 211 1016 271 dum
1072 214 1099 274 te
1135 217 1218 277 eum
1265 220 1385 280 milite
1430 220 1513 280 lecto

537 277 758 337 Insequite,
775 276 829 336 ne
855 276 917 336 illi
962 280 1069 340 forte
1113 286 1272 346 rapina
1325 297 1458 357 fores.

482 350 610 410 Dumq
665 347 811 407 aliquis
858 348 967 408 nobis
1014 351 1050 411 te
1096 356 1243 416 captum
1298 364 1390 424 pene
1417 373 1582 433 referret

537 426 662 486 Segius
707 420 733 480 in
770 419 832 479 toto
877 420 1020 480 corpore
1065 427 1199 487 fripus
1226 434 1307 494 erat

468 501 594 561 Ausus
628 491 712 551 eras
754 489 914 549 minium
981 494 1074 554 saene
1115 499 1150 559 te
1192 508 1343 568 credere
1376 520 1519 580 dextrae

529 567 628 627 Cum
683 560 819 620 poteres
864 560 982 620 tacito
1026 566 1153 626 rastra
1198 576 1361 636 paterna
1416 589 1523 649 dolo¬

993 609 1093 669 illins
472 639 603 699 Ausus
637 633 718 693 eras
759 632 907 692 mimium
972 637 1096 697 patus
1145 645 1219 705 dum
1284 655 1408 715 pallia
1448 665 1556 725 devot
1580 673 1678 733 ferro

824 671 946 731 prodis
535 703 781 763 Abseindens
809 703 927 763 fero
974 708 1064 768 tequi
1110 715 1247 775 tuosqe
1293 727 1429 787 patri.

477 780 559 840 Ali
586 773 705 833 quoties
759 773 868 833 timii
915 777 960 837 ne
1005 781 1088 841 quis
1134 788 1170 848 te
1206 794 1343 854 pderet
1380 801 1470 861 illi¬

542 845 667 905 Crede
705 844 753 904 nn
811 846 878 906 mo
916 849 936 909 e
974 852 1041 912 ppe
1080 858 1205 918 nulla
1243 866 1377 926 fides.

467 919 624 979 Saepequ
657 913 827 973 successu
871 915 951 975 leto
997 922 1131 982 quoque
1154 933 1300 993 incesta
1334 946 1503 1006 timebam

812 949 882 1009 tali
533 985 736 1045 tortunam
812 985 900 1045 fans
996 992 1084 1052 posse
1129 1000 1268 1060 carere
1307 1008 1389 1068 vire

470 1060 538 1120 Sed
582 1057 702 1117 fenstra
754 1058 883 1118 timmn
934 1061 1097 1121 reducem
1158 1068 1175 1128 e
1235 1072 1261 1132 te
1296 1083 1484 1143 reddidit
1528 1100 1613 1160 oris

541 1129 623 1189 His
660 1127 742 1187 nis
807 1128 945 1188 magni
1009 1134 1175 1194 dextera
1230 1146 1331 1206 insta
1387 1161 1478 1221 Dei¬

517 1200 643 1260 ceptra
696 1199 780 1259 tibi
823 1202 1013 1262 quondam
1075 1211 1181 1271 regi
1224 1222 1371 1282 qoissa
1414 1238 1572 1298 putuas

533 1276 637 1336 Inqui
668 1274 804 1334 patris
857 1279 950 1339 solio
993 1289 1138 1349 publica
1190 1299 1284 1359 iura
1326 1307 1463 1367 tenes.

470 1354 615 1414 Quid
648 1347 771 1407 tamen
828 1348 905 1408 hoc
951 1354 1062 1414 puodest
1107 1367 1264 1427 nobis,
1286 1378 1331 1438 si
1353 1391 1488 1451 impta
1521 1409 1677 1469 mariti

532 1431 720 1491 Alterius
764 1421 931 1481 tristem
997 1428 1086 1488 war
1119 1438 1230 1498 inire
1284 1452 1417 1512 thoe.

478 1508 667 1568 Coninpis
708 1502 748 1562 an
789 1502 897 1562 mulla
937 1508 1004 1568 est
1046 1516 1180 1576 Dauid
1221 1529 1302 1589 tibi
1329 1538 1397 1598 nura
1438 1550 1601 1610 relicte.

533 1590 584 1650 An
621 1584 695 1644 tota
739 1581 770 1641 ex
814 1581 947 1641 animo
1005 1587 1153 1647 decidit
1205 1596 1271 1656 illa
1316 1601 1382 1661 tuo

477 1666 578 1726 Qin
608 1663 700 1723 prius
730 1662 862 1722 lrositiles
893 1664 1024 1724 propter
1046 1667 1096 1727 me
1137 1673 1268 1733 vinere
1310 1688 1522 1748 turstemas

538 1733 741 1793 Optabas,
760 1732 847 1792 num
905 1735 963 1795 me
1002 1740 1176 1800 negligis
1205 1748 1292 1808 vsue
1301 1754 1426 1814 tuam.

475 1807 577 1867 Non
604 1800 660 1860 ego
688 1799 818 1859 innta
873 1803 938 1863 tibi
984 1813 1170 1873 furtim,
1188 1825 1337 1885 virtute
1365 1833 1513 1893 parasti

529 1877 692 1937 Meliqus
711 1876 865 1936 inuitus
911 1882 1094 1942 tadidit
1148 1891 1221 1951 ipse
1258 1900 1430 1960 parens.

477 1945 541 2005 die
577 1947 707 2007 voluit
751 1951 923 2011 mater,
937 1955 981 2015 sie
1024 1959 1088 2019 qui
1118 1962 1154 2022 ti
1189 1969 1319 2029 sumus
1347 1980 1470 2040 anneus

529 2017 683 2077 Acterno
732 2019 848 2079 frater
897 2023 955 2083 iuu
1013 2028 1081 2088 tus
1129 2036 1265 2096 amore
1313 2048 1400 2108 fuit

468 2103 528 2163 An
569 2101 650 2161 quia
700 2100 762 2160 me
792 2101 853 2161 alt
903 2103 995 2163 ht,
1016 2107 1087 2167 non
1127 2112 1189 2172 vis
1229 2118 1300 2178 tua
1350 2129 1473 2189 possere
1503 2142 1626 2202 iura.
