2000 2581
809 160 825 220 R
897 160 912 220 L
952 161 1008 221 B.
1024 161 1055 221 E.
1072 161 1088 221 C
1127 161 1183 221 C.
1200 159 1255 219 A.

533 226 607 286 Nen
644 222 755 282 patris
792 218 962 278 anxilium
1014 215 1065 275 nec
1103 212 1295 272 genetricis
1340 208 1487 268 habens.

459 306 565 366 Atque
583 300 612 360 ab
651 295 708 355 auo
737 291 880 351 missum
947 289 1120 349 famulum
1177 289 1234 349 sum
1283 291 1379 351 virgo
1407 291 1550 351 seruta,

574 373 642 433 thei
677 367 788 427 facere
824 363 883 423 hec
927 361 1030 421 hodic
1074 360 1108 420 quae
1125 360 1220 420 modo
1254 361 1358 421 virgo
1383 364 1470 424 velit

460 452 519 512 Se
556 444 638 504 bene
682 434 875 494 successit,
897 429 1068 489 quoniam
1119 427 1178 487 pin
1208 427 1297 487 iura
1341 430 1504 490 mariti

531 512 668 572 solata
704 505 751 565 est
793 502 917 562 insere
952 501 1063 561 tristia
1104 501 1208 561 corda
1249 499 1366 559 mihi¬

471 583 517 643 Da
555 575 595 635 ne
627 570 686 630 dia
719 566 809 626 nobis
856 564 986 624 melior
1025 566 1168 626 fortuna
1214 569 1376 629 maneret

527 643 599 703 Ein
644 636 782 696 vetulus
826 632 935 692 tristi
972 632 1089 692 morto
1132 634 1234 694 pibat
1271 639 1431 699 Abram.

479 713 577 773 Qui
594 708 683 768 mihi
710 705 781 765 post
844 703 959 763 patrem
1022 704 1155 764 fuerat
1200 709 1342 769 pater,
1351 715 1413 775 &amp;
1431 720 1494 780 mea
1520 727 1609 787 lutu

540 784 699 844 Tuistia
741 777 925 837 consuerat
975 777 1084 837 corda
1117 779 1251 839 leuare
1284 783 1426 843 graui.

480 861 558 921 Vix
587 854 636 914 ego
665 850 724 910 tam
783 846 910 906 patris
950 847 1067 907 genium
1116 852 1223 912 mala
1263 858 1341 918 fata
1380 866 1527 926 perupti

537 929 668 989 Quam
714 921 845 981 gemini
874 920 994 980 soreri
1032 922 1172 982 tristia
1218 926 1302 986 fata
1340 929 1442 989 mei¬

484 993 601 1053 Quid
631 988 660 1048 in
697 986 748 1046 hic
784 984 938 1044 referam
989 985 1070 1045 inque
1099 987 1326 1047 infortumia
1371 991 1465 1051 vitae

533 1048 625 1108 Quc
668 1044 704 1104 im
761 1043 825 1103 vix
868 1044 1011 1104 aliquis
1053 1050 1317 1110 commerare
1360 1054 1424 1114 qat

485 1122 592 1182 Quid
632 1113 793 1173 sterilis
840 1110 994 1170 narrem
1054 1114 1274 1174 tardantia
1322 1123 1489 1183 munera
1529 1128 1656 1188 ventus

531 1187 672 1247 Sepius
702 1178 732 1238 in
769 1174 977 1234 lachrgmas
1022 1177 1060 1237 ia
1111 1182 1261 1242 parata
1312 1188 1453 1248 meas.

485 1249 771 1309 Pnnestamque
791 1242 913 1302 famem
964 1243 1015 1303 quad
1035 1244 1087 1304 me
1127 1249 1342 1309 charunge
1362 1258 1556 1318 maritum

538 1317 751 1377 Compulit
790 1313 806 1373 e
846 1313 980 1373 patria
1035 1318 1216 1378 Barbara
1264 1325 1367 1385 regna
1414 1333 1556 1393 sequi¬

485 1391 676 1451 Dmnia
724 1386 771 1446 quae
780 1384 991 1444 taceam,
1010 1384 1058 1444 Im
1114 1386 1200 1446 quos
1248 1394 1401 1454 muesta
1439 1409 1620 1469 Alabores

529 1462 597 1522 Pro
628 1455 734 1515 vobis
773 1452 925 1512 tulerim
1002 1453 1086 1513 nun
1162 1461 1337 1521 retulisse
1376 1471 1482 1531 innet

491 1538 584 1598 Que
619 1530 691 1590 tibi
720 1524 785 1584 dum
842 1521 971 1581 navro
1014 1522 1164 1582 videar
1208 1525 1265 1585 imi
1301 1529 1415 1589 parte
1451 1535 1551 1595 beata

537 1605 715 1665 Pectoris
756 1598 820 1658 has
853 1596 974 1656 euras
1024 1597 1267 1657 exorerasse
1299 1599 1437 1659 graues

484 1689 540 1749 At
580 1679 700 1739 quoties
741 1672 830 1732 petij
854 1670 1071 1730 deleissima
1118 1671 1279 1731 nomina
1335 1675 1496 1735 matris

545 1756 587 1816 Vn
629 1753 720 1813 possem
777 1747 938 1807 ventris
988 1745 1134 1805 semina
1183 1746 1261 1806 leta
1303 1748 1422 1808 dare¬

487 1832 555 1892 Sei
578 1823 730 1883 humam
790 1819 836 1879 sie
866 1818 935 1878 stat
988 1817 1178 1877 sententia
1231 1818 1314 1878 fati

540 1894 588 1954 vt
616 1891 727 1951 semper
763 1885 902 1945 querat
972 1883 1062 1943 dona
1097 1884 1229 1944 norina
1278 1889 1361 1949 sibi.

481 1970 528 2030 Se
561 1963 680 2023 tamen
728 1956 880 2016 audinit
927 1955 1040 2015 deus,
1060 1956 1160 2016 nona
1206 1959 1326 2019 ponda
1372 1964 1505 2024 sensi,

530 2032 695 2092 pondera
739 2026 866 2086 letitiae
910 2025 1087 2085 magima
1132 2025 1233 2085 causa
1271 2026 1378 2086 meae.

476 2107 537 2167 &amp;a
581 2101 642 2161 iam
698 2095 772 2155 teta
809 2091 932 2151 mimis
970 2089 1179 2149 genetricis
1229 2089 1359 2149 nomen
1402 2092 1544 2152 anebam

548 2224 620 2284 Eet
671 2213 769 2273 paeri
795 2208 977 2268 vinium
1082 2211 1420 2271 complamsse
1465 2212 1517 2272 mi

457 2287 554 2347 Hei
587 2280 629 2340 im
694 2275 752 2335 que
792 2272 923 2332 fallap
972 2271 1087 2331 hain
1152 2272 1382 2332 fiduria,
1406 2272 1487 2332 val
1512 2271 1635 2331 certam

538 2347 676 2407 Nulta
721 2340 816 2400 polll
894 2337 1041 2397 futura
1103 2338 1198 2398 solet
1250 2339 1319 2399 spes
1363 2342 1536 2402 temisse
1579 2345 1745 2405 fidem.
