2000 2581
450 153 589 213 sacides
617 151 746 211 fratres
774 149 895 209 penmit
932 147 1015 207 quos
1052 146 1173 206 dinus
1211 146 1303 206 Jacob

474 225 661 285 Pastores
699 219 834 279 peroris
879 214 1112 274 fuerant,
1128 214 1225 274 pens
1263 215 1361 275 dura
1398 220 1548 280 laboris

487 296 571 356 Non
606 293 635 353 In
670 290 719 350 lri
740 288 867 348 vetuli
895 285 1050 345 faciunt
1100 284 1191 344 sacra
1233 284 1318 344 iussa
1360 287 1558 347 parentis,

479 370 548 430 Sed
589 364 714 424 sceleri
749 359 859 419 scclus
914 357 1184 417 arcumulant
1232 358 1266 418 &et
1295 359 1467 419 crmina
1508 361 1674 421 inugunt

481 443 586 503 Nam
657 434 819 494 Simeon
868 430 1029 490 divus,
1043 429 1220 489 rendeli
1255 429 1282 489 et
1324 432 1486 492 pectore
1522 436 1642 496 Lem¬

492 512 578 572 Non
623 507 666 567 bn
717 502 825 562 sunt
869 500 955 560 vlti
992 499 1159 559 violatae
1202 500 1347 560 stupra
1398 506 1564 566 sororis.

480 583 616 643 Haud
651 575 778 635 licitos
813 570 949 630 intrat
993 569 1255 629 thalamas,
1264 575 1472 635 lectumque
1498 584 1643 644 paterim

503 653 752 713 Conscendit
790 642 924 702 Ruben
972 642 1134 702 sernor,
1153 644 1230 704 cin
1277 647 1364 707 tist
1402 653 1622 713 repugnant

491 726 687 786 Diminis
736 714 962 774 manitis,
982 713 1129 773 imnor
1168 716 1207 776 se
1257 719 1355 779 solus
1395 728 1512 788 lespeli

493 792 695 852 Preceptis
727 784 845 844 heret
909 783 1069 843 patrijs
1102 785 1145 845 et
1187 791 1295 851 iussa
1337 800 1497 860 capescrit

484 864 622 924 Quem
675 854 845 914 penitor
889 852 1059 912 muctis
1101 858 1325 918 redamat
1378 868 1432 928 prae
1443 878 1644 938 fratribus
1655 893 1815 953 vnun¬

509 929 697 989 Affertus
736 920 887 980 patrios
943 919 1066 979 mons
1086 923 1218 983 trans
1274 936 1511 996 vestemus
1539 952 1671 1012 decora

506 994 779 1054 Tradidit,
803 989 841 1049 vt
889 989 1069 1049 muctos
1115 995 1194 1055 lpto
1240 1002 1413 1062 suparet
1452 1013 1639 1073 Ponore.

488 1073 635 1133 Sepius
676 1065 718 1125 ad
771 1061 959 1121 patrias
1010 1065 1220 1125 diligens
1262 1072 1336 1132 hic
1367 1080 1524 1140 puaetulit
1555 1088 1670 1148 aures

481 1139 698 1199 tntames
747 1133 964 1193 animos,
973 1134 1013 1194 et
1043 1136 1180 1196 saeuum
1240 1146 1457 1206 crimina
1516 1163 1693 1223 fratrum

482 1204 695 1264 prodidit
743 1201 908 1261 exosus
956 1203 1171 1263 generoso
1219 1210 1277 1270 per
1307 1215 1384 1275 tore
1413 1228 1616 1288 iniquos¬

491 1274 585 1334 Non
625 1269 814 1329 tennere
862 1268 990 1328 truces
1037 1272 1213 1332 anmos
1253 1281 1409 1341 irasque
1435 1300 1698 1360 nefandas.

496 1336 648 1396 simida
710 1334 925 1394 featerno
978 1338 1112 1398 surgit
1166 1344 1229 1404 sub
1282 1354 1443 1414 pectore
1487 1369 1621 1429 fama

441 1410 548 1470 Veque
558 1404 665 1464 leues
698 1403 881 1463 surgunt
934 1407 1106 1467 flamae
1139 1417 1353 1477 releresque
1385 1428 1557 1488 facuillae

507 1476 649 1536 Quas
694 1475 814 1535 auido
859 1476 896 1536 in
919 1477 1039 1537 liguo
1083 1482 1234 1542 mutrit
1286 1489 1361 1549 cum
1421 1505 1773 1565 fomiteventus

484 1543 710 1603 Principio
757 1540 929 1600 exiguis
984 1544 1171 1604 iognis,
1187 1551 1265 1611 non
1312 1558 1390 1618 vlla
1445 1567 1554 1627 picla

488 1614 718 1674 Adsunt,
743 1613 829 1673 non
879 1613 1024 1673 insere
1067 1620 1313 1680 tregidant
1347 1636 1585 1696 metuantur
1610 1657 1721 1717 colori

486 1687 529 1747 At
573 1680 721 1740 Ttatio
756 1678 879 1738 longo
922 1680 1088 1740 valido
1132 1685 1140 1745 V
1306 1701 1455 1761 valido
1481 1712 1516 1772 in
1560 1723 1690 1783 rebore
1717 1740 1848 1800 ventus

482 1750 711 1810 Exoritus
758 1746 1006 1806 vehemens
1063 1755 1311 1815 furibundo
1339 1773 1530 1833 famine
1568 1798 1739 1858 spirans

488 1818 661 1878 Euicat
716 1816 748 1876 et
796 1815 874 1875 lato
905 1816 1024 1876 serpit
1063 1820 1127 1880 cum
1189 1829 1363 1889 trannite
1417 1850 1552 1910 slame

486 1879 609 1939 samqu
646 1879 760 1939 ardet
799 1881 1016 1941 fentires,
1035 1891 1290 1951 vividantis
1338 1909 1470 1969 robora
1507 1927 1621 1987 spluae

492 1949 529 2009 In
576 1945 754 2005 segetesque
772 1946 856 2006 muit
913 1953 1127 2013 volitaris,
1147 1964 1286 2024 lateque
1306 1973 1370 2033 per
1408 1982 1520 2042 appos

487 2020 735 2080 Disturvens
788 2019 966 2079 rabidus
1011 2025 1108 2085 seuit
1161 2031 1224 2091 mo
1268 2037 1295 2097 et
1339 2049 1499 2109 aestuat
1535 2070 1677 2130 ignis.

492 2091 605 2151 Mag
654 2088 729 2148 non
766 2088 881 2148 dante
918 2092 1089 2152 inserum
1145 2109 1458 2169 impedimenta
1505 2139 1667 2199 malore
