2000 2581
717 213 1015 273 TostetVs
1063 208 1360 268 STEIIEI.

1336 319 1465 379 dextrae
495 336 640 396 potimus
672 328 714 388 vt
746 324 891 384 tromate
923 322 996 382 visa
1027 321 1080 381 5t
1111 320 1142 380 im
1194 317 1309 377 littera

503 406 611 466 Que
645 398 736 458 mihri
764 393 849 453 certa
889 388 963 448 tuae
997 384 1127 444 muntia
1162 384 1286 444 mentis
1315 384 1394 444 erat

476 470 632 530 Insolitus
663 459 765 519 subito
798 451 962 511 concussit
1001 448 1135 508 pectora
1173 448 1299 508 tervor

527 532 669 592 Vertice
695 522 731 582 in
766 515 909 575 attento
943 507 1139 567 divrguere
1174 507 1307 567 comae.

465 595 557 655 Nec
587 591 632 651 lec
656 587 754 647 turus
785 581 869 641 eram
921 576 959 636 quie
983 572 1097 632 pramu
1142 570 1295 630 intentio
1325 573 1385 633 visa
1416 578 1491 638 est,

518 662 574 722 Ne
605 653 680 713 quis
717 643 892 703 consortem
954 637 1080 697 diceret
1117 635 1179 695 esse
1205 635 1291 695 tibi.

468 725 582 785 Hand
631 714 687 774 atr
721 707 843 767 timui
875 703 932 763 quie
948 702 982 762 si
1006 700 1079 760 quis
1112 700 1251 760 mortis
1283 701 1446 761 amaras

519 786 652 846 poenas
685 772 851 832 expectat
905 762 1131 822 Carnificisq
1177 759 1349 819 manus.

464 846 655 906 Dmmmum
705 834 747 894 &et
788 830 814 890 in
855 826 1013 886 nostris
1047 825 1189 885 rrediba
1230 826 1388 886 vultibus
1396 828 1447 888 ora

1049 858 1111 918 nih
1157 857 1258 917 tutus
1296 858 1371 918 enam
528 909 627 969 Solus
663 900 677 960 e
741 894 769 954 in
813 890 897 950 tuto
947 888 1012 948 vix
1047 888 1218 948 Atep
1289 887 1325 947 su

471 982 547 1042 Ali
564 968 689 1028 quoties
731 954 899 1014 repetita
941 950 1084 1010 volens
1134 952 1318 1012 pruevere
1360 958 1478 1018 scripta

518 1038 640 1098 Deferi
657 1024 770 1084 tortus
821 1018 926 1078 corda
969 1017 1091 1077 dolore
1126 1013 1238 1073 graui

477 1108 550 1168 Sed
589 1097 614 1157 in
654 1090 711 1150 hec
751 1083 815 1143 legi
855 1080 960 1140 possem
1016 1080 1065 1140 vt
1104 1081 1266 1141 meliora
1306 1081 1451 1141 referre

525 1162 626 1222 veque
644 1156 709 1216 tibi
736 1150 774 1210 de
810 1146 866 1206 ine
893 1141 1070 1201 prempta
1115 1140 1263 1200 medela
1310 1142 1402 1202 foret

481 1230 568 1290 Non
616 1221 751 1281 dubito
791 1211 933 1271 metris
980 1206 1008 1266 ti
1041 1204 1095 1264 ne
1129 1203 1332 1263 contraria
1372 1210 1500 1270 scribam

532 1289 709 1349 Scriptaa
758 1275 903 1335 sollicita
944 1270 1023 1330 num
1088 1268 1161 1328 mea
1209 1269 1330 1329 mente
1354 1272 1467 1332 leges.

506 1357 665 1417 erlege,
684 1347 740 1407 sic
778 1339 872 1399 duro
909 1334 994 1394 dete
1031 1330 1228 1390 medicina
1274 1334 1406 1394 dolori

535 1424 601 1484 die
665 1408 787 1468 quoque
815 1401 899 1461 sint
936 1398 1030 1458 vite
1076 1397 1217 1457 prospa
1253 1398 1347 1458 fata
1375 1401 1449 1461 tuae

494 1482 648 1542 Jusfice
681 1474 769 1534 quid
814 1467 979 1527 tentes,
1001 1464 1057 1524 quae
1067 1463 1111 1523 sit
1145 1463 1332 1523 sententia
1366 1469 1541 1529 mentis,

557 1542 687 1602 Quis
733 1536 780 1596 sit
816 1532 983 1592 conatus
1039 1528 1308 1588 consiliumque
1335 1528 1437 1588 tibis

502 1604 623 1664 Quid
661 1599 743 1659 petis
782 1594 940 1654 infaelix
1008 1592 1174 1652 Castum
1227 1595 1423 1655 temerare
1461 1600 1566 1660 nubile

552 1674 653 1734 Atque
671 1664 801 1724 datam
857 1658 1023 1718 domino
1059 1658 1189 1718 prdere
1216 1661 1337 1721 stulta
1384 1661 1494 1721 fidem

495 1747 551 1807 An
592 1736 665 1796 tam
721 1727 850 1787 parua
899 1723 1020 1783 putas
1077 1725 1263 1785 promissi
1303 1728 1408 1788 focda
1440 1731 1529 1791 lecti

547 1809 605 1869 vt
631 1797 790 1857 famulo
823 1791 899 1851 hec
932 1791 1007 1851 vili
1058 1793 1301 1853 prostituisse
1334 1795 1426 1855 velis

510 1875 635 1935 Anne
675 1863 781 1923 putas
821 1859 917 1919 nullo
956 1858 1063 1918 recti
1082 1859 1140 1919 me
1170 1861 1295 1921 lande
1325 1863 1460 1923 teneri

567 1940 621 2000 vt
647 1931 798 1991 tantum
843 1926 949 1986 possim
1011 1926 1073 1986 sus
1100 1928 1259 1988 timmisse
1295 1930 1410 1990 nefas

514 2005 627 2065 Quod
669 1999 696 2059 si
722 1994 817 2054 nulla
860 1990 1016 2050 mouent
1050 1989 1154 2049 pprij
1172 1990 1241 2050 tua
1285 1992 1431 2052 damna
1475 1997 1630 2057 pudoris

564 2076 610 2136 Si
634 2069 728 2129 bene
759 2061 884 2121 anas
939 2058 1127 2118 damnis
1174 2061 1401 2121 quoneare
1433 2065 1542 2125 meis
