2000 2581
520 161 614 221 Nes
646 159 740 219 modo
771 155 960 215 perpendit
1013 150 1137 210 quanta
1180 148 1221 208 sit
1263 146 1367 206 lande
1400 146 1493 206 poba

1247 177 1355 237 quanta
585 229 734 289 Debs,
759 226 808 286 sed
850 222 1049 282 iubicogae
1091 219 1206 279 robora
1248 217 1406 277 pe
1438 218 1562 278 sient¬

513 298 699 358 Jngedite
723 292 860 352 portas
886 288 1023 348 lateque
1047 286 1221 346 patentia
1245 285 1345 345 tecta
226 368 365 428 inquedite
171 320 286 380 Jonas
307 312 434 372 Winene

583 366 592 426 E
691 361 817 421 vigili
845 358 1035 418 lustrans
1062 355 1205 415 lmniue
1242 355 1305 415 cum
1350 354 1386 414 ta
1432 353 1540 413 videt

527 449 698 509 Mirate
735 435 831 495 nuo
869 427 1107 487 constructa
1154 424 1307 484 palatia
1364 420 1506 480 Resum

586 507 863 567 Marmore,
884 493 1042 553 mirato
1081 491 1329 551 corcipita,
1350 495 1498 555 templa
1558 501 1647 561 vias

566 585 639 645 dun
693 570 848 630 spectat
893 563 1003 623 firmo
1039 561 1222 621 surgentes
1268 563 1404 623 aggere
1431 565 1559 625 imros

603 647 727 707 Numc
774 640 922 700 vivides
968 635 1124 695 stupida
1170 634 1303 694 mente
1341 637 1513 697 reuoluit
1543 643 1699 703 appos.

531 734 639 794 Noe
665 724 693 784 in
738 716 801 776 hos
836 708 998 768 terrens
1035 705 1061 765 id
1107 705 1278 765 crimina
1322 707 1403 767 sena
1448 710 1610 770 muentes

597 795 820 855 Infandis
861 782 987 842 vitriis
1014 778 1126 838 palita
1167 777 1321 837 cuuita
1363 781 1460 841 vida

524 880 625 940 Hic
669 870 791 930 mopes
825 863 913 923 sper
937 859 1003 919 tat
1048 855 1214 915 contrito
1247 854 1348 914 corde
1370 855 1559 915 gementes

598 939 774 999 Infames
806 933 925 993 luxdis
974 931 1181 991 illicitorat
1213 928 1333 988 thores

541 1012 608 1072 Et
637 1007 762 1067 iustas
791 1002 898 1062 sentit
935 999 1041 1059 dinim
1099 997 1272 1057 pettoris
1320 999 1407 1059 ivas

604 1082 719 1142 Nec
757 1076 849 1136 Dum
902 1070 1025 1130 vanis
1078 1067 1300 1127 intormisse
1331 1070 1445 1130 minis

536 1161 673 1221 Hinc
722 1149 811 1209 fora
859 1143 967 1203 suma
1017 1139 1125 1199 petit,
1144 1139 1213 1199 qua
1242 1140 1429 1200 maxima
1459 1145 1567 1205 concio
1606 1152 1724 1212 vulgi

605 1230 867 1290 Constitit
912 1222 957 1282 ap
994 1218 1138 1278 mediis
1183 1216 1210 1276 se
1237 1216 1363 1276 inserit
1400 1217 1463 1277 ige
1490 1221 1599 1281 viris

585 1321 662 1381 ines
695 1306 904 1366 mirantur
926 1298 1081 1358 stupidi
1124 1297 1169 1357 quae
1190 1296 1323 1356 nuncia
1366 1293 1499 1353 portet

641 1382 728 1442 dam
789 1374 919 1434 procul
954 1370 1101 1430 externa
1154 1369 1258 1429 gente
1293 1370 1423 1430 verrre
1459 1373 1589 1433 vident

545 1464 643 1524 Hic
692 1457 840 1517 medius
881 1450 1020 1510 celebri
1054 1447 1184 1507 vnler
1218 1447 1234 1507 3
1266 1447 1439 1507 pertante
1480 1448 1611 1508 corona

633 1542 748 1602 Talia
802 1532 833 1592 de
875 1526 1012 1586 sancto
1064 1523 1118 1583 pur
1139 1522 1223 1582 tore
1244 1522 1328 1582 eba
1381 1518 1486 1578 dedit

446 1620 777 1680 LXAVDITE
833 1609 909 1669 vi
938 1603 1108 1663 Ninenes
1156 1598 1222 1658 que
1231 1595 1401 1655 fundere
1429 1592 1553 1652 verba
165 1639 359 1699 Concio
210 1691 287 1751 Sonae

1371 1629 1451 1689 fata
605 1693 683 1753 Ne
718 1686 814 1746 iubet
858 1679 1154 1739 Astripotens,
1181 1675 1224 1735 quae
1241 1674 1346 1734 modo
1372 1674 1451 1734 rasu
1512 1674 1661 1734 feram.

542 1775 704 1835 Vestroc
779 1759 951 1819 peneleat
1008 1751 1178 1811 sielerum
1236 1749 1293 1809 sub
1330 1749 1463 1809 nubila
1501 1751 1643 1811 clamor

615 1848 681 1908 ae
725 1841 834 1901 videt
879 1833 1033 1893 iensus
1077 1826 1252 1886 crimina
1296 1826 1384 1886 vna
1435 1830 1596 1890 Derec¬

529 1946 605 2006 De
645 1933 708 1993 via
747 1924 798 1984 ad
836 1915 913 1975 dum
978 1906 1143 1966 suppessi
1168 1902 1323 1962 frande
1361 1904 1539 1964 qrunte.

611 2011 695 2071 Hic
724 2006 789 2066 hoc
837 1997 959 2057 facili
987 1990 1110 2050 pripit
1148 1985 1242 2045 aure
1280 1982 1449 2042 preces.

563 2085 657 2145 Non
692 2082 806 2142 wobis
847 2075 948 2135 Dnus
983 2068 1125 2128 tribuit
1172 2061 1288 2121 tott
1328 2058 1491 2118 iumera
1532 2060 1653 2120 vitae.

604 2158 713 2218 Nec
753 2154 833 2214 vos
873 2146 1022 2206 dinitijs
1061 2138 1281 2198 qnaluisse
1320 2137 1430 2197 dedit
