2000 2581
697 150 898 210 1051

285 205 391 265 Non
426 204 538 264 etenim
601 206 762 266 prohibes
812 210 910 270 Crum
959 213 1022 273 me
1057 217 1191 277 dimina
1233 219 1387 279 removit

359 279 601 339 Maiestas,
618 279 747 339 custris
790 280 980 340 expulerita
1041 282 1161 342 suis)

298 348 386 408 Qoo
425 346 559 406 minus
597 347 660 407 huc
698 348 851 408 veniat
889 352 978 412 mea
1017 357 1144 417 tristis
1176 360 1251 420 exta
1297 362 1385 422 vitae

346 417 415 477 Hei
446 415 506 475 num
568 415 736 475 misaevae
775 420 905 480 nuntia
950 424 1042 484 signa
1096 427 1264 487 ferens.

300 489 372 549 Ma
397 486 445 546 go
477 485 558 545 nun
623 486 744 546 variis
785 489 899 549 rencio
939 494 1020 554 mea
1068 500 1214 560 pestora
1254 505 1343 565 cuvis

357 559 483 619 Qouae
512 557 594 617 pars
631 557 823 617 custrorum
883 560 950 620 non
987 564 1076 624 lenis
1112 567 1201 627 ante
1239 571 1327 631 fui¬

298 628 434 688 Nune
459 625 604 685 semota
646 626 765 686 prant
815 632 1079 692 sanctissima
1129 640 1240 700 testa
1274 644 1410 704 reliqui

359 700 458 760 Quo
512 698 620 758 domi
650 698 796 758 matres
842 701 1072 761 ssacidumque
1095 707 1248 767 muens.

299 777 396 837 Non
431 773 466 833 tn
508 770 571 830 hoc
605 769 751 829 tantum
807 771 967 831 praeret
1002 775 1078 835 misi
1113 779 1245 839 conscia
1287 785 1398 845 nulpae

621 808 692 868 seire
391 840 480 900 As
561 837 617 897 Ihr
649 837 786 897 spoenas
835 840 1044 900 gmernißse
1085 848 1246 908 graues.

302 908 478 968 Namqe
508 906 597 966 anis
626 906 694 966 est
725 908 852 968 lenius
892 911 931 971 si
951 913 1019 973 nos
1059 917 1137 977 siue
1167 922 1324 982 rrimine
1355 926 1452 986 poena

360 977 553 1037 Corvipit,
578 977 610 1037 et
642 977 747 1037 turpi
771 978 876 1038 culpa
924 981 1070 1041 pudore
1101 986 1199 1046 cavet

302 1045 379 1105 Me
405 1045 492 1105 Dens
517 1045 578 1105 &amp;
604 1045 734 1105 meriti
768 1046 898 1106 poenae
934 1049 1028 1109 nunc
1072 1055 1193 1115 raussa
1245 1065 1383 1125 fatigat

361 1122 433 1182 Hei
459 1117 578 1177 granis
618 1115 756 1175 iratum
809 1115 829 1175 e
875 1117 928 1177 res
967 1121 1145 1181 habuisse
1185 1128 1316 1188 Deuin.
1555 1146 1673 1206 Hebr.
1698 1150 1768 1210 10.

303 1198 405 1258 Eue
437 1187 582 1247 postque
592 1185 695 1245 rerolo
737 1186 850 1246 subito
882 1191 964 1251 mea
1005 1196 1119 1256 corda
1161 1203 1284 1263 dolore

365 1272 374 1332 A
420 1264 502 1324 sano
549 1260 631 1320 sicut
677 1260 805 1320 milite
851 1263 944 1323 fossa
980 1268 1200 1328 gemunt.

304 1340 354 1400 Pt
391 1335 556 1395 pudet,
578 1334 614 1394 et
657 1334 751 1394 dolor
794 1335 809 1395 e
852 1339 1140 1399 meminisse,
1162 1344 1227 1404 nec
1263 1346 1328 1406 illa
1372 1349 1508 1409 referre

360 1412 499 1472 Numc
538 1408 569 1468 te
607 1406 763 1466 qaeittit
810 1407 973 1467 conscius
1004 1410 1066 1470 ore
1105 1411 1260 1471 pudor.

320 1488 439 1548 Quid
479 1483 511 1543 in
550 1481 614 1541 hoc
653 1480 805 1540 referam
861 1480 980 1540 nimis
1011 1482 1083 1542 hex
1123 1486 1250 1546 mimis
1289 1489 1417 1549 omnia
1457 1493 1560 1553 nosti

357 1560 562 1620 Spectator
605 1554 725 1614 culpae
767 1552 946 1612 suppliciia
998 1554 1074 1614 mei

926 1602 937 1662 f
852 1600 912 1660 vnt
318 1642 407 1702 Ast
442 1639 504 1699 hec
540 1636 629 1696 tecta
664 1632 779 1692 magis
824 1629 1036 1689 repount
1080 1630 1115 1690 et
1143 1631 1258 1691 pende
1293 1637 1426 1697 ledunt

354 1715 441 1775 Est
485 1709 589 1769 quoque
615 1706 684 1766 non
728 1704 876 1764 paruns
927 1705 1162 1765 continnisse
1197 1709 1327 1769 dolor.

327 1790 604 1850 Qrimmolerum
662 1782 814 1842 pradus
855 1781 923 1841 est
964 1783 1124 1843 miseris
1165 1789 1342 1849 tolerare
1384 1798 1527 1858 molesta

370 1867 451 1927 Hec
477 1858 665 1918 tamisse,
683 1855 791 1915 dolor
835 1856 978 1916 crede,
988 1859 1175 1919 secundus
1221 1862 1301 1922 erit

308 1946 408 2006 Hei
439 1938 561 1998 nimis
601 1931 805 1991 excentiat
856 1931 906 1991 que
926 1931 1018 1991 fers
1059 1936 1211 1996 arana
1262 1946 1424 2006 tenere¬

365 2014 429 2074 Emt
465 2010 515 2070 mi
565 2007 751 2067 comittas
801 2010 880 2070 non
923 2015 1052 2075 huisse
1088 2022 1274 2082 virum.

305 2096 420 2156 Nam
478 2087 623 2147 veluti
651 2085 795 2145 magno
844 2089 1007 2149 depssum
1075 2097 1200 2157 ponde
1247 2102 1372 2162 pestus

365 2161 563 2221 Quevit
605 2160 639 2220 in
674 2160 863 2220 alterius
915 2163 984 2223 hoc
1018 2169 1189 2229 posuisse
1233 2180 1404 2240 simum.
