2000 2581
617 151 934 211 165teUvs
1013 146 1222 206 SeeIID

529 215 579 275 Vt
622 207 774 267 vemant
809 202 917 262 fame
947 199 1083 259 damna
1127 195 1292 255 pudenda
1328 190 1421 250 tuae.

476 289 522 349 Te
556 277 698 337 moneat
745 265 934 325 dominus
974 260 1041 320 qui
1076 259 1109 319 te
1136 258 1298 318 confidit
1345 256 1372 316 in
1399 254 1473 314 vna

544 339 574 399 In
613 335 644 395 te
675 333 729 393 cor
759 329 883 389 expers
930 323 1155 383 suspicionis
1193 318 1332 378 habens

480 402 634 462 Sancta
685 391 781 451 fides
817 386 971 446 moneat
1015 385 1125 445 lestis
1162 385 1287 445 praefecta
1323 386 1514 446 maritis,

545 464 603 524 Et
636 454 760 514 pietas
801 448 933 508 sancta
975 446 1164 506 relligione
1198 447 1372 507 granis.

1213 492 1409 552 Inurmura
475 539 539 599 Ac
562 528 681 588 honor
713 520 753 580 ac
785 515 911 575 celeris
952 511 1150 571 rrestentia
1198 514 1396 574 iera
1428 521 1539 581 famae

887 541 920 601 rd
830 543 840 603 e
543 597 588 657 Te
617 583 804 643 moueant
834 574 946 634 tibere
976 572 1118 632 ponora
1163 574 1260 634 ihara
1304 577 1453 637 donnis.

480 670 536 730 Te
569 652 722 712 moneat
779 639 884 699 meus
916 636 981 696 hic
1021 636 1062 696 quae
1078 636 1126 696 ie
1167 638 1337 698 fortina
1377 642 1514 702 labore

540 718 703 778 Exerret
751 704 898 764 viribus
954 702 1039 762 proh
1086 702 1195 762 male
1226 704 1304 764 fida
1351 706 1460 766 suis.

489 789 572 849 Nen
611 777 809 837 dominum
869 773 946 833 raeli
984 773 1113 833 tantis
1166 776 1349 836 ixprostere
1372 778 1478 838 reptis

544 846 752 906 Credito,
768 841 817 901 que
833 838 993 898 mundi
1033 837 1161 897 sceptra
1210 840 1418 900 tremenda
1450 844 1547 904 tenet

492 916 617 976 Quid
657 906 782 966 faciat
823 901 931 961 falso
963 901 1170 961 cautatus
1237 905 1336 965 supp.
1353 908 1410 968 ore

575 977 757 1037 Datum,
776 969 847 1029 non
887 967 1042 1027 moneat
1100 969 1262 1029 credula
1308 973 1509 1033 cordati.

490 1052 606 1112 Talia
641 1042 713 1102 nam
757 1034 944 1094 pandent
998 1034 1105 1094 falsi
1132 1038 1319 1098 cerimisse
1346 1041 1462 1101 poetae

551 1115 678 1175 Exosa
707 1108 726 1168 a
755 1104 901 1164 superis
941 1101 1059 1161 turba
1107 1102 1282 1162 prophana
1332 1111 1429 1171 Deis.

504 1183 611 1243 Tune
637 1176 754 1236 putas
807 1170 887 1230 Cquae
897 1170 933 1230 te
959 1169 1111 1229 mniseram
1165 1174 1326 1234 demetia
1361 1184 1522 1244 vexat)

550 1242 707 1302 Casibus
736 1234 929 1294 humanis
974 1235 1198 1295 succubuisse
1227 1240 1346 1300 Deos¬

496 1312 564 1372 Ne
594 1308 626 1368 te
656 1304 848 1364 decipiant
897 1302 1076 1362 raueas,
1101 1304 1212 1364 inale
1243 1307 1428 1367 carmina
1465 1311 1594 1371 sana,

557 1372 770 1432 Carmina
823 1365 1010 1425 corruptis
1063 1366 1232 1426 prodita
1284 1369 1329 1429 ab
1364 1371 1560 1431 ingenijs.

508 1452 553 1512 Te
582 1442 692 1502 potius
730 1431 896 1491 moneat
941 1431 1080 1491 sumum
1127 1433 1172 1493 qud
1192 1435 1302 1495 fortis
1349 1439 1533 1499 Sempum

560 1510 817 1570 continet.
838 1503 853 1563 &Q
915 1500 1020 1560 mins
1068 1499 1137 1559 sub
1173 1499 1263 1559 pede
1298 1500 1409 1560 terra
1451 1503 1604 1563 tremit.

504 1581 683 1641 Inditium
735 1570 804 1630 hic
838 1567 984 1627 mutis
1018 1567 1129 1627 aeque
1163 1569 1360 1629 dispensat
1386 1571 1445 1631 &amp;
1462 1573 1557 1633 acces

562 1647 623 1707 Pro
659 1638 808 1698 factis
853 1632 993 1692 poenas
1029 1632 1152 1692 exigit
1197 1635 1267 1695 ille
1303 1637 1435 1697 malis

493 1709 670 1769 Ofoelix
711 1703 823 1763 tanti
856 1699 928 1759 qui
968 1698 1105 1758 iustus
1162 1698 1307 1758 Judicis
1338 1704 1411 1764 ora

548 1779 748 1839 Lmmine
787 1770 857 1830 non
887 1768 1048 1828 tiundo
1097 1769 1337 1829 justinnisse
1367 1773 1456 1833 pot.

502 1851 639 1911 Nunc
688 1842 720 1902 in
744 1839 777 1899 si
793 1836 931 1896 cupias
971 1835 1076 1895 alam
1125 1838 1198 1898 cum
1246 1842 1400 1902 corpore
1433 1847 1554 1907 saluam

553 1912 634 1972 fac
674 1904 867 1964 timeas,
892 1901 1021 1961 luius
1062 1902 1126 1962 fac
1159 1904 1206 1964 pia
1255 1907 1344 1967 iussa
1376 1913 1498 1973 colet.

500 1986 592 2046 Hic
619 1978 655 2038 ti
693 1973 729 2033 pro
758 1969 904 2029 pietate
931 1968 1032 2028 bona
1079 1970 1153 2030 sua
1189 1973 1290 2033 puria
1337 1979 1483 2039 reddet

569 2044 698 2104 Het
763 2035 827 2095 pro
854 2034 1002 2094 fietert
1039 2036 1307 2096 supplicirmq
1362 2041 1481 2101 dabit
579 2098 638 2158 Pro
664 2090 802 2150 stupris
855 2082 973 2142 poenas
