2000 2581
712 150 897 210 n051

354 206 491 266 Terra,
514 200 598 260 quid
636 198 789 258 externos
834 198 949 258 quevis
987 196 1110 256 habere
1140 192 1261 252 laves?

300 278 380 338 Hen
423 269 553 329 minnis
584 265 720 325 audari
745 265 905 325 comotus
942 265 1084 325 pestoris
1115 264 1195 324 aestu

368 338 566 398 Transfers
598 330 810 390 indomitas
843 329 869 389 in
908 329 995 389 nona
1034 329 1133 389 vegua
1172 330 1337 390 manus.

304 410 413 470 Siste
444 404 530 464 pedes
569 400 663 460 oro,
686 398 749 458 tibi
780 398 890 458 debita
921 398 999 458 iura
1038 399 1194 459 reposse,

353 479 422 539 Doc
453 471 529 531 satis
561 467 586 527 in
624 464 731 524 vitam
788 464 921 524 sufficit
965 466 1034 526 vna
1072 468 1211 528 tuam.

395 508 562 568 Juiaue
301 549 379 609 Hei
411 540 489 600 quid
529 534 623 594 mute
654 528 803 588 pereoris
835 527 953 587 aliena
984 528 1141 588 requiris
1173 529 1204 589 in
1235 529 1345 589 oris.

364 613 412 673 An
444 605 524 665 nisi
548 599 628 659 num
684 595 780 655 votis
820 593 916 653 robur
956 593 1060 653 adesse
1092 593 1204 653 putas

316 676 451 736 Robur
484 669 548 729 hin
606 664 722 724 gentes
761 661 916 721 etiam,
929 660 1026 720 sunt
1071 661 1175 721 fortia
1213 662 1271 722 tela

365 739 525 799 Prompta
565 734 592 794 et
632 733 685 793 est
712 731 785 791 illis
826 729 945 789 ferrea
979 729 1005 789 in
1038 729 1146 789 arma
1185 729 1365 789 manus.

324 810 508 870 Inuenias
543 802 663 862 terram
719 800 889 860 facito,
910 800 981 860 quis
1016 800 1142 860 tradet
1185 800 1312 860 hndam

364 886 452 946 tam
515 874 587 934 tibi
659 870 731 930 non
770 870 866 930 notis
906 871 954 931 quios
985 872 1041 932 sua
1082 873 1177 933 vura
1208 872 1312 932 dabit

324 959 392 1019 Ali
407 948 512 1008 precor
543 939 716 999 instatili
755 937 921 997 mimium
981 939 1019 999 ne
1056 940 1155 1000 cede
1177 940 1306 1000 popello

371 1024 492 1084 Crede
516 1012 611 1072 mihii
644 1007 763 1067 vuter
804 1006 820 1066 e
859 1006 964 1066 nulla
1012 1008 1180 1068 tenenda
1220 1009 1340 1069 fides.

327 1096 379 1156 Vt
405 1088 528 1148 Relagi
563 1080 677 1140 variis
722 1076 941 1136 consurgunt
1003 1077 1196 1137 fluctibus
1239 1083 1354 1143 aestus

348 1166 411 1226 &amt
447 1159 546 1219 mode
589 1154 652 1214 qui
681 1152 794 1212 fauit
837 1152 978 1212 ventus
1021 1154 1184 1214 iniquus
1220 1154 1326 1214 adest

321 1240 389 1300 Sie
424 1228 536 1288 populi
570 1220 759 1280 studium
818 1220 939 1280 nullo
973 1226 1222 1286 modamine
1257 1228 1350 1288 rerto

392 1298 518 1358 Pelliae
574 1290 708 1350 infido
740 1290 779 1350 vt
818 1290 969 1350 ventus
1009 1293 1048 1353 et
1079 1296 1191 1356 vnda
1230 1299 1356 1359 modo.

337 1377 467 1437 Qaeib
500 1368 606 1428 modo
646 1363 850 1423 confidis,
874 1364 956 1424 quos
988 1366 1078 1426 nun
1135 1369 1168 1429 ti
1209 1372 1314 1432 redis
1347 1375 1477 1435 annires

382 1440 622 1500 Alcernes,
647 1431 793 1491 fugiert
862 1434 983 1494 taste
1017 1439 1197 1499 cadentis
1231 1443 1368 1503 onns.

329 1518 420 1578 Dem
465 1508 619 1568 fortuna
665 1503 773 1563 fauet
818 1503 990 1563 prestant
1036 1505 1163 1565 quoque
1181 1509 1280 1569 corde
1308 1513 1452 1573 fideli,

379 1585 424 1645 si
452 1578 605 1638 fortuna
650 1572 820 1632 tonat,
843 1572 990 1632 nullus
1024 1576 1183 1636 annius
1222 1582 1296 1642 erit

335 1654 484 1714 Quare
510 1644 572 1704 age
616 1640 659 1700 ne
695 1639 879 1699 nimium
933 1644 1073 1704 dutiae
1108 1654 1302 1714 confidito
1328 1662 1442 1722 tude
1468 1666 1574 1726 plebi

381 1735 425 1795 In
459 1723 591 1783 variam
647 1715 692 1775 ep
736 1714 847 1774 turba
891 1716 1036 1776 parata
1079 1722 1191 1782 fidem
1235 1727 1325 1787 est.

331 1806 481 1866 Duinas
524 1794 603 1854 potes
638 1789 779 1849 moneo
823 1790 1024 1850 venientia
1068 1795 1209 1855 linque
1235 1801 1410 1861 pericla,

391 1874 480 1934 Nam
548 1865 663 1925 factis
703 1865 853 1925 mmium
914 1870 1043 1930 tanda
1077 1876 1226 1936 medela
1267 1882 1369 1942 venit

333 1952 396 2012 Si
417 1944 544 2004 tamen
597 1940 661 2000 est
693 1939 872 1999 animus
904 1944 1052 2004 sussepto
1094 1951 1242 2011 pergere
1264 1957 1400 2017 muesa

378 2028 435 2088 En
484 2017 612 2077 facias
655 2013 832 2073 romitem
903 2018 967 2078 me
1017 2023 1095 2083 pror
1130 2028 1194 2088 esse
1237 2033 1329 2093 tibi

342 2112 393 2172 Si
411 2101 498 2161 licet
550 2091 637 2151 alte
681 2085 863 2145 altisorum
923 2085 1010 2145 potis
1045 2088 1254 2148 indefessus
1289 2094 1523 2154 Allantem,
