2000 2581
494 161 676 221 lercipias
711 161 807 221 sodes
833 163 1051 223 placidus,
1068 163 1130 223 nec
1164 162 1252 222 spre
1286 156 1469 216 monentis

482 228 718 288 Dognnata,
751 225 824 285 quo
857 225 988 285 morto
1020 225 1143 285 liceat
1192 226 1347 286 reperire
1379 225 1591 285 medelam.

502 295 648 355 Quot
686 292 824 352 mnseris
854 292 969 352 iuras
1015 292 1168 352 dederit
1221 293 1367 353 auosque
1383 293 1505 353 labores

516 362 711 422 Venditus
745 359 825 419 hini
880 358 1061 418 frater,
1075 360 1216 420 Ruben
1256 362 1324 422 non
1364 366 1498 426 nestius
1532 370 1553 430 es
1586 372 1646 432 tu¬

509 435 571 495 Ali
603 430 735 490 quoties
774 427 883 487 duvi
914 427 1102 487 comonit
1149 430 1243 490 iussa
1282 435 1485 495 parentis,

505 509 560 569 Ve
597 500 782 560 grauins
827 495 993 555 miseros
1049 496 1215 556 maiori
1243 502 1363 562 pende
1400 507 1492 567 pesses

520 572 681 632 Logeret
721 566 770 626 ad
802 564 899 624 leges
955 563 996 623 et
1027 564 1108 624 dum
1164 568 1382 628 mendatia
1414 577 1519 637 falsa

496 634 701 694 tingit,
726 631 791 691 quo
824 630 915 690 solus
957 630 1064 690 posset
1104 632 1269 692 raptare
1302 640 1491 700 pateenam

497 704 683 764 Coratiam
749 701 794 761 &amp
831 701 957 761 offitio
987 702 1105 762 ficto
1142 707 1313 767 retinere
1350 718 1572 778 fauorem,

511 777 605 837 Non
651 772 751 832 vllis
812 771 951 831 potuit
1012 775 1238 835 manitis,
1252 783 1438 843 pribusue
1479 794 1658 854 minisut

502 851 661 911 Arteri
691 838 903 898 cupidus,
918 838 986 898 fem
1054 842 1100 902 vt
1145 847 1221 907 sibi
1251 853 1379 913 dlovia
1418 860 1516 920 curae

502 922 647 982 Esset,
669 913 702 973 et
748 909 860 969 irato
893 909 1106 969 ocultaret
1162 916 1285 976 facta
1330 924 1520 984 parenti.

503 987 615 1047 tinc
649 980 747 1040 etiam
802 976 977 1036 quantas
1019 976 1151 1036 animo
1192 981 1367 1041 concepit
1415 989 1534 1049 auras

512 1058 521 1118 E
585 1050 703 1110 frater
740 1045 904 1105 nosti,
922 1044 996 1104 tum
1042 1045 1197 1105 quanta
1252 1052 1379 1112 supbia
1417 1061 1571 1121 mentem

496 1124 682 1184 Instarit
723 1116 983 1176 tumidam,
1005 1119 1161 1179 postque
1171 1122 1233 1182 sua
1285 1127 1400 1187 facta
1451 1131 1597 1191 probari

510 1206 530 1266 A
581 1194 692 1254 patre
732 1184 945 1244 cognonit
1015 1186 1117 1246 mos
1157 1192 1258 1252 hinc
1299 1199 1420 1259 quoque
1440 1207 1572 1267 sreptra
1601 1214 1722 1274 tenere

507 1262 709 1322 Speranti
742 1252 978 1312 exagitant
1035 1255 1102 1315 noc
1125 1259 1192 1319 tis
1249 1267 1350 1327 vaga
1394 1276 1530 1336 somnia
1574 1286 1733 1346 mente,

533 1333 714 1393 umqe
736 1323 883 1383 graues
941 1325 1099 1385 poeras
1144 1336 1337 1396 meritis
1371 1346 1439 1406 pro
1462 1352 1575 1412 talib.
1586 1356 1665 1416 ipse

519 1414 618 1474 Non
659 1399 817 1459 peteret
867 1396 1024 1456 gentor
1074 1401 1206 1461 pueri
1240 1414 1463 1474 dulcedine
1497 1430 1653 1490 captus,

503 1474 742 1534 Indignum
794 1463 895 1523 neis
932 1466 1134 1526 manibus
1198 1475 1235 1535 si
1260 1483 1373 1543 pressa
1425 1496 1575 1556 Cupido
1602 1504 1677 1564 est.

526 1557 546 1617 2
596 1544 677 1604 uid
717 1535 839 1595 mune
889 1535 1162 1595 conqueriris
1202 1552 1364 1612 frater,
1384 1568 1597 1628 stultasque
1617 1579 1727 1639 quelas

519 1618 559 1678 te
599 1607 748 1667 varum
798 1603 977 1663 fundist
1038 1612 1217 1672 Nachrum
1287 1624 1326 1684 an
1367 1636 1556 1696 releuare
1575 1648 1694 1708 dolore

503 1689 634 1749 Afflic
664 1681 705 1741 ti
725 1678 917 1738 poterunt
997 1682 1128 1742 numq
1179 1689 1239 1749 est
1280 1694 1340 1754 sua
1381 1702 1522 1762 oratia
1562 1708 1683 1768 tanti

520 1755 560 1815 Vt
600 1746 700 1806 puere
730 1743 760 1803 ob
801 1743 900 1803 casum
961 1748 1092 1808 cupias
1131 1755 1202 1815 nos
1242 1762 1353 1822 perde
1382 1772 1572 1832 runctos.

435 1826 470 1886 in
496 1819 665 1879 factum
717 1814 779 1874 est
859 1814 929 1874 non
974 1817 1071 1877 vnque
1097 1825 1283 1885 poterunt
1327 1835 1371 1895 quod
1389 1841 1486 1901 facta
1530 1855 1708 1915 moueri¬

1254 1863 1351 1923 vngu
428 1885 462 1945 13
506 1883 689 1943 Quaeque
707 1884 829 1944 semel
863 1886 959 1946 rata
994 1890 1082 1950 sunt
1143 1895 1212 1955 non
1248 1901 1326 1961 vns
1370 1909 1501 1969 verita
1553 1922 1701 1982 fiunt.

442 1960 468 2020 en
501 1956 580 2016 Sed
625 1953 769 2013 melius
822 1954 953 2014 fuerit
1013 1961 1170 2021 morbos
1215 1971 1360 2031 iurare
1406 1984 1589 2044 medela¬

434 2028 453 2088 3
508 2023 667 2083 Quam
722 2022 890 2082 mortos
936 2028 1086 2088 morbis
1123 2034 1188 2094 &ap;
1216 2043 1374 2103 flamis
1412 2055 1569 2115 subdere
1598 2069 1765 2129 Hamas.

435 2105 444 2165 1
502 2094 658 2154 Namq
707 2090 862 2150 gradus
912 2094 1078 2154 primus
1135 2106 1369 2166 venientes
1408 2117 1545 2177 pellere
1574 2123 1671 2183 casus

434 2183 451 2243 1
510 2170 732 2230 Proxinus
774 2164 816 2224 at
868 2164 1012 2224 fuevit
1063 2169 1174 2229 casus
1217 2176 1353 2236 lenire
1404 2188 1608 2248 medelib.
