2000 2581
630 143 693 203 Et
726 142 884 202 timidas
905 141 1011 201 pupers
1044 141 1150 201 simia
1192 142 1244 202 sub
1266 142 1372 202 astra
1404 142 1530 202 lenant

421 227 535 287 Rursum
566 222 697 282 Denne
735 217 834 277 diduc
857 215 888 275 to
918 213 972 273 iam
1026 211 1133 271 finit
1171 210 1309 270 aequore
1355 211 1478 271 valles

1515 259 1548 319 ab
1483 263 1488 323 t
623 294 693 354 Et
725 290 890 350 timidas
929 285 1054 345 puppes
1110 284 1274 344 Tartara
1314 285 1353 345 ad
1384 287 1463 347 ima
1502 289 1612 349 vunt

562 369 641 429 Jam
697 363 809 423 largi
855 358 968 418 gelida
1025 352 1239 412 fundumne
1261 351 1477 411 grandire
1499 355 1634 415 nimibi

646 438 780 498 Acther
813 433 888 493 eliso
921 426 1079 486 nubilas
1122 420 1213 480 igne
1246 420 1380 480 nurat

574 512 807 572 Quassatas
848 503 944 563 latex
1001 497 1169 557 tabulas
1209 495 1273 555 iam
1322 495 1450 555 xberat
1491 500 1603 560 vnda

643 589 709 649 Iam
762 580 873 640 tonat
904 572 1097 632 horvendis
1141 568 1298 628 ventus
1335 568 1351 628 e
1410 570 1514 630 vnda
1567 575 1693 635 sonis.

583 666 650 726 sam
706 653 897 713 rrepitant
935 644 1067 704 rem,
1087 641 1191 701 claui
1230 640 1344 700 tortiq
1391 643 1562 703 rudentes

652 730 876 790 Dcultant
926 720 1058 780 mersas
1088 719 1221 779 carula
1261 719 1353 779 salsa
1394 718 1525 778 rates.

591 802 778 862 Exoritur
816 793 937 853 camor
965 790 1256 850 trapidantum,
1274 791 1405 851 mortis
1433 793 1564 853 imapo

652 874 848 934 derolige,
872 867 994 927 pellit
1044 863 1190 923 puctora
1227 863 1374 923 musta
1398 868 1546 928 timor.

600 952 675 1012 Ipso
703 945 798 1005 ratis
836 938 968 998 rector
1015 936 1082 996 quae
1119 936 1233 996 dunit
1280 938 1431 998 tuamun
1459 942 1545 1002 nauo
1573 946 1640 1006 qua
1677 951 1810 1011 dirigat
1838 956 1904 1016 arte

640 1025 780 1085 Inscius
820 1017 969 1077 abrepto
1010 1014 1120 1074 corda
1170 1013 1320 1073 pauore
1360 1016 1529 1076 Stupet¬

574 1100 771 1160 Lipcrunt
816 1094 887 1154 alij
915 1091 1129 1151 mergendae
1174 1089 1326 1149 pendera
1371 1090 1496 1150 nanis

631 1181 718 1241 Et
761 1175 891 1235 Tycis
924 1172 1044 1232 fallax
1087 1169 1272 1229 mercibus
1315 1167 1413 1227 vnda
1446 1166 1554 1226 statet

614 1251 747 1311 imorat
789 1244 872 1304 hinc
905 1240 1038 1300 varios
1079 1240 1270 1300 quisquis,
1287 1241 1337 1301 sua
1370 1242 1495 1302 mua,
1520 1243 1628 1303 Diuos

628 1321 690 1381 Et
730 1317 833 1377 vonet
878 1313 1044 1373 incertis
1100 1311 1164 1371 non
1203 1310 1277 1370 bere
1312 1310 1391 1370 vota
1448 1309 1567 1369 Deib.

579 1404 781 1464 Astarotus
814 1393 870 1453 hic
905 1387 1051 1447 clamat
1106 1381 1286 1441 Stultum
1331 1380 1421 1440 vonat
1443 1380 1510 1440 ille
1544 1381 1712 1441 Dagona,

636 1475 736 1535 Alter
772 1462 972 1522 Neptumi
999 1455 1171 1515 mumina
1207 1453 1325 1513 vana
1362 1450 1462 1510 rogat

596 1543 691 1603 Non
732 1535 850 1595 tamen
883 1527 1073 1587 accipiunt
1105 1523 1169 1583 tam
1232 1520 1383 1580 friuola
1423 1522 1590 1582 munva
1638 1528 1717 1588 Diui

636 1619 723 1679 Not
754 1612 855 1672 Deus
895 1604 1075 1664 impuras
1114 1599 1248 1659 accipit
1294 1597 1380 1657 aure
1420 1596 1568 1656 preces.

567 1702 706 1762 Quo
727 1693 855 1753 magis
886 1685 928 1745 hi
960 1677 1151 1737 dlamant
1195 1670 1311 1730 survit
1342 1668 1470 1728 magis
1502 1670 1662 1730 vndique
1684 1677 1800 1737 Pontus

641 1772 736 1832 Nec
778 1760 862 1820 vota
894 1755 958 1815 his
989 1750 1137 1810 possumt
1189 1747 1358 1807 cripuisse
1380 1743 1539 1803 malis.

586 1854 690 1914 Solus
722 1842 838 1902 sonas
879 1831 995 1891 abest
1047 1824 1153 1884 (vic
1195 1820 1279 1880 iese
1300 1819 1479 1879 telibula
1510 1819 1562 1879 hur
1594 1820 1626 1880 im
1657 1821 1794 1881 credere
1826 1826 1951 1886 fact)

637 1919 855 1979 Oecupat
908 1907 1001 1967 humr
1043 1900 1221 1960 5parsus
1273 1894 1440 1954 membra
1481 1892 1534 1952 prere
1544 1892 1627 1952 alta
1670 1892 1794 1952 sopor.

596 1996 738 2056 doribus
787 1986 870 2046 zum
930 1978 1085 2038 rigidis
1132 1972 1239 2032 nanis
1276 1970 1348 2030 qui
1371 1970 1503 2030 sceptra
1538 1973 1681 2033 regebat

639 2067 852 2127 Inrepat,
872 2059 912 2119 In
963 2053 1094 2113 sommo
1134 2049 1327 2109 desidiose
1357 2046 1459 2106 iaces

1166 2093 1272 2153 limi
587 2158 708 2218 Jurge
748 2144 900 2204 kiug
960 2133 1070 2193 Denn
1131 2127 1333 2187 subsreßes
1363 2125 1413 2185 vor
1464 2124 1604 2184 precare
