2000 2581
981 93 1129 153 intemen
527 139 753 199 Negnatam
839 131 947 191 sclera
987 129 1025 189 et
1057 128 1150 188 totum
1213 128 1384 188 dispersa
1423 128 1462 188 que
1477 128 1571 188 vebem

590 213 650 273 Et
681 206 758 266 reus
796 201 827 261 in
865 197 980 257 vario
1026 194 1187 254 trimine
1225 194 1386 254 quisquis
1425 195 1508 255 erat

544 285 674 345 Debita
710 274 768 334 non
804 268 891 328 illie
934 264 1108 324 comitata
1151 264 1201 324 est
1244 264 1324 324 eura
1367 265 1526 325 parentes

602 342 827 402 Nencultus
861 331 950 391 vera
1005 331 1176 391 velligione
1216 336 1373 396 Ders.

541 425 683 485 Debita
728 410 951 470 permanus
997 405 1183 465 permano
1213 405 1295 465 iura
1332 406 1467 466 rgatat

597 495 699 555 Non
738 484 855 544 hospes
902 477 1019 537 patrio
1059 475 1098 535 ab
1137 476 1278 536 hospite
1316 481 1504 541 tuturerat

554 569 712 629 Tristia
746 551 954 611 missebant
1013 546 1139 606 praeriosis
1189 547 1289 607 pocta
1339 551 1498 611 verenis

599 639 725 699 Falsis
758 624 977 684 puognabant
1035 619 1254 679 fraudibus
1287 621 1388 681 atque
1414 625 1506 685 dolis

560 720 709 780 Pressus
742 704 825 764 erat
857 696 1032 756 pauper,
1048 694 1223 754 cedebant
1272 696 1413 756 omnia
1446 697 1579 757 minis

605 783 843 843 prostabant
891 773 978 833 falso
1017 771 1168 831 prodita
1208 772 1288 832 iura
1343 774 1446 834 foro,

496 868 651 928 Hanc
691 859 788 919 Deus
826 855 866 915 vt
895 852 1001 912 sumo
1040 848 1215 908 summus
1264 849 1438 909 despegit
1487 858 1652 918 Otympo

628 930 810 990 Ingenuit
872 921 1023 981 multum
1077 921 1244 981 rimina
1289 924 1365 984 sua
1389 926 1532 986 videns

547 1010 701 1070 Pendere
736 997 907 1057 corcuptos
951 995 1018 1055 enm
1079 996 1148 1056 Lex
1182 999 1302 1059 dimina
1345 1003 1482 1063 iuberet

620 1081 711 1141 vult
741 1072 858 1132 tamen
894 1066 955 1126 his
991 1065 1108 1125 pietas
1156 1066 1364 1126 consuluisse
1400 1073 1486 1133 Dei.

558 1156 713 1216 Tandem
753 1142 908 1202 dementi
941 1137 1063 1197 Stulte
1129 1136 1227 1196 corde
1259 1136 1430 1196 imisertus

602 1235 680 1295 His
717 1223 795 1283 alio
832 1215 968 1275 statuit
1033 1212 1134 1272 velle
1177 1211 1299 1271 inuare
1327 1207 1456 1267 modo.

640 1300 745 1360 vonat
788 1294 942 1354 Amillu
991 1288 1146 1348 natu,
1166 1287 1209 1347 eu
1258 1287 1434 1347 mandat
1475 1288 1525 1348 vt
1560 1290 1644 1350 illos
217 1317 308 1377 Joniae
343 1312 444 1372 Vora¬
248 1363 294 1423 tio

604 1377 816 1437 Appressus
859 1365 977 1425 dorent
1070 1361 1164 1421 inssa
1207 1361 1351 1421 colenda
1401 1361 1495 1421 Dei.

567 1459 671 1519 sade
710 1448 854 1508 Cait)
869 1443 917 1503 ad
965 1439 1140 1499 Ninenen
1187 1439 1419 1499 acrimina
1474 1440 1554 1500 seua
1593 1441 1721 1501 repude

605 1529 700 1589 Nec
740 1519 876 1579 timeas
917 1513 1046 1573 tantes
1087 1511 1305 1571 imregnisse
1345 1511 1474 1571 viros.

541 1612 594 1672 Ad
634 1606 680 1666 me
712 1597 922 1657 constendit
976 1591 1062 1651 salee
1124 1588 1342 1648 mmulatus
1388 1586 1536 1646 aceruus

616 1677 741 1737 Quem
787 1670 881 1730 praessi
911 1666 1114 1726 fundunt
1160 1664 1316 1724 etamor
1347 1662 1464 1722 vbique
1495 1661 1596 1721 sonat

541 1763 748 1823 Afftigunt
797 1747 964 1807 moges,
985 1741 1122 1801 eurent
1182 1740 1398 1800 subuertere
1417 1743 1575 1803 Rectum

610 1839 702 1899 Non
735 1829 814 1889 illos
860 1819 998 1879 virtus
1063 1810 1281 1870 pelligione
1327 1811 1471 1871 menet

545 1921 626 1981 Ins
660 1911 742 1971 titim
789 1900 1009 1960 Cmono)
1045 1894 1137 1954 nisi
1160 1892 1230 1952 iam
1289 1893 1486 1953 resipissere
1522 1897 1660 1957 discant

612 1990 795 2050 Moenia
845 1976 1003 2036 reudeli
1041 1970 1199 2030 perdere
1243 1969 1382 2029 vasta
1427 1970 1584 2030 manu.

572 2072 649 2132 Nec
702 2064 866 2124 mora,
900 2055 1082 2115 supplicii
1099 2049 1169 2109 non
1203 2046 1393 2106 tardans
1437 2048 1540 2108 hora
1584 2056 1695 2116 seqiur

616 2147 720 2207 LEore
758 2137 878 2197 quater
930 2129 1058 2189 denis
1095 2124 1238 2184 lucibus
1290 2123 1350 2183 illa
1387 2123 1507 2183 venit
