2000 2581
516 195 700 255 EEB.
709 196 754 256 E.
774 196 783 256 C
828 197 892 257 CA
957 200 1324 260 11C080.

316 285 498 345 Nartoris
526 286 621 346 hanc
640 289 746 349 mittit
774 292 890 352 mater
918 294 975 354 tibi
994 296 1080 356 nate
1110 300 1243 360 salutam

356 344 484 404 Quam
540 344 573 404 te
607 344 674 404 num
729 347 841 407 verbis
880 352 974 412 rebus
1008 356 1130 416 habere
1170 361 1281 421 velim.

305 410 423 470 Accipe
451 405 541 465 natae
583 405 687 465 precor
721 409 860 469 maestae
888 414 943 474 pia
979 417 1089 477 scripta
1131 419 1228 479 pentis

353 467 401 527 Et
428 464 491 524 cum
539 464 587 524 me
622 466 814 526 nequeat,
836 471 904 531 hec
931 475 1008 535 mea
1049 480 1166 540 scripta
1201 483 1297 543 vide.

299 538 414 598 Accipe
446 532 500 592 que
530 530 639 590 dudum
692 530 746 590 nos
777 535 1055 595 expestarimus
1093 541 1108 601 a
1139 543 1170 603 te

354 593 403 653 En
433 591 525 651 legito
554 590 611 650 hec
647 591 797 651 tremula
848 593 883 653 quae
898 595 984 655 mihi
1020 599 1134 659 scripta
1170 602 1306 662 manu.

313 667 421 727 Certia
462 659 570 719 Lnna
603 657 698 717 redit
739 657 820 717 quod
860 658 915 718 me
949 662 1151 722 thavissime
1199 666 1259 726 fili

352 724 533 784 Liquisti
560 722 620 782 nec
653 721 727 781 dum
787 722 908 782 dextra
934 724 1035 784 locuta
1075 727 1122 787 tua
1155 730 1228 790 est.

315 789 510 849 Scribinus
549 784 573 844 &am
612 781 792 841 lartrognis
831 781 878 841 que
894 783 1003 843 muesta
1050 791 1238 851 Alnentibus
1269 801 1316 861 ora

353 855 473 915 Nunc
498 848 650 908 tument
697 848 793 908 luctu
834 851 954 911 charta
1002 858 1154 918 sinusque
1170 865 1258 925 meo¬

313 923 398 983 Nam
449 917 527 977 quid
563 914 642 974 numn
692 914 792 974 aliud
835 917 950 977 faciam
1000 922 1072 982 mea
1122 928 1215 988 ihara
1244 940 1415 1000 voluptas.

361 992 452 1052 Cum
498 984 528 1044 tu
574 980 627 1040 qui
657 980 779 1040 nostra
816 980 847 1040 es
892 984 1028 1044 gandia
1074 991 1188 1051 solus,
1203 997 1309 1057 abes.

310 1069 399 1129 Hei
425 1061 533 1121 mihi
551 1056 630 1116 quid
667 1051 773 1111 dicam
827 1051 898 1111 quo
925 1052 1006 1112 num
1077 1056 1157 1116 mea
1193 1064 1353 1124 rarmina
1380 1075 1460 1135 Aetu

365 1133 518 1193 Ordiar
551 1128 575 1188 in
607 1125 736 1185 luctum
793 1124 953 1184 campus
994 1126 1099 1186 vbiqus
1131 1128 1260 1188 patet.

314 1197 410 1257 Nam
458 1191 516 1251 num
540 1189 612 1249 sre
646 1188 848 1248 miseram)
872 1191 936 1251 que
976 1195 1074 1255 sunt
1114 1202 1212 1262 prius
1236 1210 1316 1270 acta
1350 1222 1478 1282 recordor

352 1266 457 1326 Plen
498 1259 539 1319 pre
547 1258 644 1318 euras
685 1258 855 1318 degrauor
888 1260 961 1320 ipsa
1001 1263 1131 1323 meas.

306 1334 445 1394 Dunncs
491 1326 641 1386 aninum
677 1325 884 1385 eenant,
908 1331 1035 1391 Spes,
1058 1340 1208 1400 luctus,
1220 1349 1301 1409 eura
1336 1358 1474 1418 dolorqi

361 1401 446 1461 Saepe
471 1393 543 1453 toro
579 1391 677 1451 iaceo
713 1391 761 1451 ren
798 1395 1035 1455 moribunda
1077 1403 1174 1463 meo¬

326 1475 410 1535 Cum
461 1464 537 1524 vero
571 1458 723 1518 infoelix
782 1459 859 1519 quae
884 1462 961 1522 sunt
994 1469 1138 1529 praesentia
1163 1478 1282 1538 voluo.

363 1542 452 1602 Dra
488 1532 647 1592 madent
691 1529 921 1589 lachrpmis,
939 1534 1046 1594 corda
1099 1544 1205 1604 dolore
1240 1558 1382 1618 rrepant

306 1620 397 1680 Ipsa
433 1609 543 1669 domi
570 1604 661 1664 sedeo
698 1604 790 1664 votis
835 1608 981 1668 operata
1027 1616 1200 1676 parentis

359 1685 461 1745 Atque
479 1676 641 1736 animum
692 1674 828 1734 tristem
879 1678 956 1738 spe
982 1685 1135 1745 meliore
1169 1696 1281 1756 trato

310 1757 368 1817 Et
408 1751 513 1811 velut
545 1748 676 1808 amisso
716 1750 926 1810 deplorans
972 1756 1156 1816 compare
1195 1766 1319 1826 turtur

912 1788 1048 1848 tempus
1089 1793 1200 1853 inns
360 1832 530 1892 contero
571 1824 626 1884 per
660 1822 878 1882 lactrogmas
926 1826 988 1886 ipe
1213 1841 1335 1901 meas.

332 1914 442 1974 Quid
481 1902 630 1962 superest
669 1898 787 1958 etenim
842 1898 912 1958 quod
952 1900 1030 1960 num
1101 1906 1171 1966 mea
1211 1910 1305 1970 corda
1328 1914 1446 1974 inuare

763 1946 835 2006 spen
897 1940 1070 2000 pererisse
1104 1945 1216 2005 mihris
356 1999 460 2059 Possit
504 1983 722 2043 Gafflicte
757 1978 993 2038 geitte

744 2033 800 2093 cum
306 2081 415 2141 Solus
446 2069 563 2129 adest
603 2061 681 2121 Isac
720 2056 852 2116 nus
892 2053 946 2113 qui
993 2051 1118 2111 tartus
1150 2050 1173 2110 in
1212 2048 1313 2108 annis

358 2147 475 2207 Coerus
510 2141 518 2201 N
578 2137 603 2197 in
645 2134 747 2194 luctu
789 2131 942 2191 tempra
993 2131 1094 2191 lenta
1127 2132 1229 2192 terit
