2000 2581
716 136 979 196 DaVIVI

187 198 332 258 Trma
366 199 563 259 Curpurea
615 197 692 257 Aal
794 194 896 254 rorpa
957 193 1059 253 veste
1093 193 1290 253 nikent¬

280 271 538 331 Erendibus
582 270 787 330 ornanter
808 269 992 329 thalami
1035 269 1218 329 postesqui
1262 275 1402 335 foresque

364 348 471 408 Auda
528 343 701 403 patris,
734 342 972 402 tatulae,
988 342 1202 402 compita:
1228 345 1359 405 templi
1408 350 1539 410 Deum.

292 420 562 480 Lampades
611 412 775 472 ignitae
823 412 978 472 flamis
1016 414 1238 474 vadianter
1248 416 1306 476 &Dmp;
1316 418 1441 478 anro¬

373 492 591 552 Vertibus
631 486 801 546 aunatis
858 485 947 545 regia
995 486 1076 546 tota
1124 488 1254 548 vritet

306 569 482 629 Musica
523 562 648 622 tuoba
701 560 877 620 venit,
887 562 1094 622 resonant
1147 572 1364 632 extharaetr
1385 582 1489 642 lyreg

371 642 421 702 et
462 636 625 696 duplici
676 635 879 695 rrepitant
950 639 1123 699 nautlia
1173 645 1275 705 pulsa
1306 650 1418 710 vtian

310 723 533 783 Multaque
555 711 723 771 prerea,
734 710 856 770 Squid
890 713 980 773 enim
1046 720 1168 780 innat
1213 726 1257 786 oe
1303 736 1458 796 referre

373 798 539 858 bnuoll
574 788 669 848 solet
704 787 741 847 in
776 787 906 847 tanti
954 796 1167 856 primipis
1215 807 1299 867 esse
1322 816 1452 876 domo¬

312 878 531 938 Sponsurs
545 867 662 927 acert
691 865 807 925 lgens
867 870 1071 930 furlgetast
1100 877 1143 937 in
1174 887 1362 947 vestibus
1391 901 1510 961 aner¬

375 952 459 1012 t
507 944 615 1004 rossa
650 942 687 1002 in
734 942 879 1002 minea
927 949 1095 1009 frdute
1131 961 1287 1021 corona
1322 974 1478 1034 sedet¬

315 1025 514 1085 Omnia
563 1021 829 1081 conneniunt
894 1024 1052 1084 testis,
1069 1028 1102 1088 se
1135 1031 1219 1091 ta
1268 1036 1343 1096 na
1392 1045 1516 1105 dolore

372 1093 646 1153 Carmiuoro
695 1092 770 1152 nin
845 1098 1019 1158 pectora
1076 1103 1177 1163 proessa
1226 1107 1392 1167 gemunt

316 1173 422 1233 Nec
465 1168 518 1228 ren
550 1166 688 1226 sponisa
752 1166 848 1226 solet
890 1168 1019 1228 vnter
1082 1174 1252 1234 procedo
1296 1182 1422 1242 ferene

376 1247 419 1307 se
469 1242 588 1302 velut
640 1240 674 1300 in
717 1240 818 1300 nati
862 1242 1006 1302 fiere
1048 1248 1194 1308 maesta
1236 1258 1423 1318 parens.

333 1318 443 1378 Perqi
483 1312 593 1372 guas
633 1309 825 1369 Carhegue
894 1313 1057 1373 Autrum
1099 1324 1289 1384 labuntur
1318 1335 1345 1395 in
1385 1346 1508 1406 an¬

383 1394 626 1454 Sinpultuq
694 1393 894 1453 Prequens
938 1398 1105 1458 tristia
1138 1407 1249 1467 corda
1304 1420 1438 1480 quatit

325 1476 532 1536 Iensegunge
568 1471 736 1531 mater,
774 1472 883 1532 sovor
919 1476 992 1536 &amp;
1016 1480 1101 1540 mea
1149 1488 1270 1548 turta
1319 1502 1500 1562 puellae.

1273 1543 1368 1603 fosst
383 1548 551 1608 Qucis
593 1546 754 1606 similis
813 1549 965 1609 reuciat
1033 1557 1092 1617 per
1117 1562 1202 1622 tora
1261 1570 1345 1630 dun
1421 1579 1556 1639 dolor.

309 1635 389 1695 Sei
425 1626 494 1686 hec
542 1621 658 1681 facies
716 1623 844 1683 festi
880 1630 972 1690 quod
1019 1641 1264 1701 linquere,
1287 1650 1426 1710 faedus

383 1712 454 1772 Nle
499 1705 615 1765 iassit
668 1705 838 1765 primum
891 1714 1123 1774 quatiumq
1186 1722 1364 1782 tuum.

331 1794 499 1854 nta
551 1788 594 1848 in
646 1787 803 1847 melius
867 1794 1024 1854 media
1077 1803 1150 1863 sub
1192 1809 1276 1869 lice
1307 1816 1486 1876 ferebum

377 1871 534 1931 Quam
613 1866 712 1926 poste
782 1870 939 1930 vultus
999 1880 1195 1940 condidit
1245 1888 1353 1948 alia
1402 1893 1511 1953 dies.

310 1952 567 2012 Deciderat
640 1950 825 2010 Phobus
877 1960 1165 2020 madidasqe
1186 1971 1392 2031 aspeserat
1432 1977 1597 2037 vmbers

371 2036 489 2096 Nox
526 2031 659 2091 tertur
688 2031 703 2091 a
762 2032 888 2092 rebus
946 2038 1020 2098 non
1064 2044 1168 2104 rotor
1219 2051 1337 2111 vllus
1374 2057 1470 2117 erat

326 2114 539 2174 Arripuit
602 2109 783 2169 dextvam
858 2111 1038 2171 pinctus
1103 2120 1284 2180 plaviel
1337 2131 1475 2191 Ome
