2000 2581
594 231 969 291 DLXIIIRA
1025 244 1325 304 TOSTIIO

319 338 471 398 Quam
527 340 623 400 mihi
651 343 718 403 sola
746 347 852 407 potest
889 352 947 412 tua
984 355 1060 415 spes
1099 361 1203 421 pbere
1231 366 1365 426 salutem

373 413 508 473 Hebrao
550 409 650 469 mittit
714 414 912 474 Nemphrica
962 422 1082 482 sponsa
1125 424 1224 484 viro.

327 484 476 544 Verlegis
541 477 579 537 an
607 477 701 537 casto
729 478 795 538 quo
823 482 954 542 fulgent
982 485 1038 545 ora
1085 488 1216 548 pudore

375 552 562 612 Teisernns
602 545 732 605 domine
782 545 904 605 scripta
952 550 1091 610 videre
1131 554 1221 614 fugis

338 610 656 670 Raegee
1533 634 1552 694 n
1611 635 1640 695 qua
1659 635 1697 695 sun
1737 632 1832 692 nodum
1432 680 1491 740 tibi
1517 682 1652 742 cognita
1695 688 1822 748 sperne.

374 677 581 737 formosum
629 674 777 734 rigidum
827 673 896 733 non
936 673 1015 733 decet
1053 675 1113 735 esse
1132 680 1290 740 virum.

88 748 164 808 Non
193 738 269 798 etem
298 720 423 780 ipeas
324 745 435 805 Daqi
733 737 912 797 haestilis
939 741 1089 801 existola
1135 745 1228 805 missa

369 816 536 876 Hestibus
578 806 588 866 a
630 804 724 864 senis
766 804 880 864 fulle
902 807 1038 867 legenda
1079 811 1215 871 venit.

313 890 403 950 Sepe
433 879 524 939 meam
576 872 652 932 voli
712 870 818 930 pesens
863 870 900 930 ti
938 872 1111 932 pandere
1142 876 1285 936 mentem

375 942 533 1002 Obstitit
566 938 600 998 in
633 936 758 996 stulto
799 936 858 996 qui
882 936 957 996 fuit
999 937 1057 997 oxe
1091 940 1231 1000 pudor.

319 1009 440 1069 Quid
480 1005 505 1065 in
545 1003 601 1063 ali
625 1002 763 1062 pudeat
843 1003 915 1063 non
956 1005 996 1065 est
1037 1007 1085 1067 res
1117 1010 1189 1070 ista
1230 1014 1359 1074 pudori

367 1079 425 1139 Sed
451 1071 584 1131 nostrum
633 1064 741 1124 vexat
792 1064 841 1124 sic
867 1064 975 1124 metus
1017 1067 1100 1127 iste
1133 1071 1266 1131 genus.

306 1146 359 1206 Si
386 1136 519 1196 pudeat
555 1126 706 1186 liciguam
769 1124 911 1184 manus
955 1127 1000 1187 est
1044 1130 1081 1190 im
1133 1138 1258 1198 fortior
1285 1147 1383 1207 illa,

365 1198 522 1258 Sribere
554 1193 616 1253 non
672 1190 861 1250 metnit,
893 1190 979 1250 quod
1018 1194 1128 1254 pudor
1161 1200 1247 1260 erai
1286 1209 1396 1269 vetat

322 1270 429 1330 Quod
470 1262 499 1322 tn
538 1257 637 1317 officio
676 1255 814 1315 manus
844 1256 912 1316 hec
962 1260 1050 1320 mun
1110 1266 1278 1326 fungite
1297 1270 1356 1330 illo

384 1328 503 1388 Crede
535 1324 567 1384 im
612 1321 818 1381 vollemens
861 1325 1013 1385 instaq
1068 1333 1187 1393 caussa
1230 1339 1252 1399 p
1371 1351 1492 1411 mihi
1513 1357 1556 1417 est

319 1399 420 1459 Hac
455 1390 556 1450 annor
580 1386 614 1446 in
659 1386 739 1446 rero
762 1389 932 1449 flagrat
978 1396 1045 1456 qui
1068 1402 1215 1462 purtore
1238 1410 1340 1470 nibis

372 1461 481 1521 Copit
517 1456 535 1516 a
589 1455 654 1515 hec
699 1454 808 1514 instit
864 1457 1018 1517 scribeve
1045 1463 1137 1523 dina
1182 1471 1327 1531 Venus.

312 1523 491 1583 Quiequid
532 1518 636 1578 amor
664 1517 802 1577 iubeat
857 1520 967 1580 tatum
1030 1526 1092 1586 tibi
1119 1535 1305 1595 spernere
1340 1549 1443 1609 none

367 1591 410 1651 Si
443 1584 586 1644 nescis,
611 1581 746 1641 superos
787 1584 913 1644 vineit
947 1588 998 1648 &ap;
1031 1592 1090 1652 ille
1133 1599 1251 1659 Beus.

310 1650 397 1710 Non
440 1645 534 1705 illum
592 1644 751 1704 spernit
802 1646 945 1706 puerum
996 1652 1076 1712 licet
1112 1657 1206 1717 igne
1235 1666 1430 1726 iirantem

363 1717 453 1777 Qui
480 1710 552 1770 regit
588 1708 786 1768 altisonars
830 1710 929 1770 supp.
947 1714 1019 1774 ipse
1056 1718 1190 1778 polum.

311 1780 387 1840 Ille
417 1775 492 1835 licet
529 1772 665 1832 mittat
711 1772 921 1832 rntilantia
974 1781 1162 1841 fulurina
1208 1795 1365 1855 dextra¬

372 1842 540 1902 Terreat
587 1839 642 1899 &empt;
661 1838 764 1898 supes
830 1841 1109 1901 Tartareosque
1137 1849 1249 1909 Deos.

303 1903 424 1963 Huis
480 1900 577 1960 quis
609 1900 754 1960 redant
802 1903 980 1963 omnes,
996 1906 1028 1966 in
1076 1911 1181 1971 ipsus
1221 1920 1350 1980 amori

355 1972 487 2032 Ceditt
518 1967 549 2027 aet
588 1966 643 2026 hoc
682 1966 783 2026 victo
814 1969 994 2029 falmina
1033 1974 1142 2034 lenta
1181 1980 1329 2040 cadunt

296 2044 387 2104 Hic
420 2038 528 2098 mihi
544 2035 577 2095 ra
619 2034 702 2094 fuit
760 2034 901 2094 nostrae
918 2036 984 2096 tibi
1008 2040 1166 2100 pignora
1208 2044 1340 2104 dextrae

358 2111 520 2171 Mittere
551 2109 581 2169 et
620 2108 681 2168 hec
713 2107 804 2167 fida
858 2108 989 2168 scripta
1028 2109 1174 2169 notata
1213 2115 1366 2175 manu.
