2000 2581
859 113 925 173 BL
972 112 985 172 T
1032 113 1078 173 H.
1099 113 1145 173 S.
1152 112 1192 172 R.
1205 110 1245 170 B.
1251 108 1298 168 R.

1117 166 1207 226 quam
1263 166 1358 226 dute
439 207 491 267 Tu
527 206 623 266 modo
654 204 697 264 ne
734 203 890 263 miseram
941 202 1110 262 Spernas
1155 201 1191 261 4a
1213 202 1353 262 anda
1405 203 1575 263 parentis

532 280 753 340 Infanstam
819 281 877 341 per
922 281 959 341 te
1002 280 1135 340 nomen
1179 278 1245 338 hre
1281 275 1406 335 facis.

469 352 564 412 Non
590 351 633 411 exo
676 350 849 410 dedigor
892 349 969 409 vegi
1004 348 1194 408 inseruire
1229 346 1366 406 potenti

532 423 622 483 Dum
684 422 744 482 tua
789 422 843 482 sim
911 422 1048 482 tantum
1117 423 1307 483 quodlibet
1352 424 1405 484 esse
1436 425 1572 485 feram.

462 496 605 556 Quod
640 496 667 556 si
694 496 863 556 nolueris
909 496 1042 556 tastem
1096 498 1336 558 miseramque
1363 495 1524 555 fonere,

525 577 603 637 Hei
632 573 746 633 lonpa
783 572 875 632 hine
926 573 1012 633 fati
1033 575 1104 635 non
1133 577 1212 637 erit
1270 579 1362 639 hora
1399 578 1505 638 mei.

484 648 651 708 Forsitan
689 646 726 706 et
754 646 848 706 luctu
894 647 1015 707 mater
1054 648 1212 708 conficta
1249 647 1352 707 puerq

532 729 609 789 Hei
635 722 807 782 nondum
858 719 995 779 natus
1048 719 1185 779 flebile
1236 723 1357 783 fimus
1383 727 1494 787 erit¬

456 805 549 865 Cur
582 800 710 860 etenim
760 796 895 856 vinam
955 795 1098 855 saucto
1141 798 1310 858 prinata
1351 807 1487 867 pudore

521 876 574 936 Et
619 873 673 933 quo
699 871 816 931 grata
860 872 959 932 mihi
994 875 1155 935 reninge
1200 879 1289 939 vita
1325 880 1423 940 fuit¬

472 953 568 1013 OM
751 951 903 1011 videas
943 951 1079 1011 vtina
1134 955 1334 1015 scribentis
1373 962 1525 1022 pallida
1557 971 1725 1031 membra

548 1027 760 1087 Sibinus
800 1022 1104 1082 Martrgmae
1134 1027 1296 1087 maesta
1336 1035 1448 1095 praeora
1489 1045 1650 1105 fluunt.

465 1105 632 1165 Quare
669 1103 706 1163 si
725 1103 790 1163 qua
827 1102 929 1162 meae
966 1102 1095 1162 fuerit
1133 1104 1244 1164 modo
1290 1109 1411 1169 gratia
1457 1117 1559 1177 vitae

532 1183 578 1243 re
608 1180 722 1240 peries
759 1177 797 1237 et
835 1177 949 1237 grati
987 1177 1063 1237 iura
1115 1182 1290 1242 parentis
1336 1191 1458 1251 erit,

474 1256 491 1316 D
562 1248 763 1308 inserere
805 1247 882 1307 mei
952 1249 1053 1309 nati
1088 1255 1277 1315 missrere
1325 1266 1485 1326 tenelli¬

536 1321 711 1381 Officium
769 1321 869 1381 possit
911 1322 1045 1382 nemen
1094 1325 1177 1385 vnt
1261 1332 1427 1392 vtrumql
1452 1338 1543 1398 tuam

1220 1375 1288 1435 tibi
1324 1381 1413 1441 debet
1450 1382 1570 1442 nemen
489 1401 581 1461 Hoc
606 1395 740 1455 vidua
782 1393 858 1453 ipsa
899 1394 975 1454 peto
1025 1398 1151 1458 vidua
1244 1406 1327 1466 quam
1386 1410 1394 1470 i
1444 1413 1512 1473 esse
1545 1417 1671 1477 dedisti

528 1471 585 1531 Pt
635 1470 714 1530 petit
756 1470 786 1530 in
835 1471 986 1531 matris
1029 1476 1172 1536 corpore
1208 1481 1358 1541 clausus
1400 1487 1536 1547 idem.

476 1546 644 1606 Ennere
681 1543 742 1603 me
787 1544 947 1604 miseram
1027 1549 1195 1609 defende
1232 1555 1276 1615 et
1311 1561 1463 1621 fimere
1489 1569 1622 1629 natum

540 1618 706 1678 Pripe,
722 1616 754 1676 si
786 1616 936 1676 merito
984 1622 1079 1682 noia
1127 1628 1246 1688 patris
1286 1634 1437 1694 habes.

488 1701 558 1761 die
593 1694 664 1754 tibi
690 1691 796 1751 vnne
840 1692 1060 1752 pugnando
1113 1703 1307 1763 denictus
1359 1717 1500 1777 sermiat
1535 1727 1632 1787 hostis

533 1777 608 1837 Die
649 1771 778 1831 cadat
830 1770 1000 1830 ausficiis
1044 1777 1192 1837 diruta
1245 1788 1405 1848 Ralba
1437 1799 1543 1859 mis.

481 1854 523 1914 Si
547 1851 582 1911 in
623 1848 699 1908 ipse
741 1847 850 1907 neges
892 1849 1059 1909 museram
1135 1858 1362 1918 defendere
1404 1873 1613 1933 matrem,

577 1898 765 1958 Acedent
523 1929 753 1989 Aduet
812 1927 918 1987 vitae
957 1930 1122 1990 tempora
1182 1938 1300 1998 panca
1346 1946 1465 2006 meae.

472 1999 584 2059 Atque
619 1997 767 2057 pudore
810 1999 941 2059 carens
992 2004 1071 2064 non
1123 2011 1262 2071 roniux
1323 2024 1471 2084 sribar
1514 2036 1610 2096 Vrie

533 2083 623 2143 Htoc
653 2080 691 2140 in
744 2079 766 2139 in
834 2078 985 2138 tumuli
1031 2082 1106 2142 4at
1136 2089 1340 2149 marmore
1378 2103 1528 2163 carimen
1582 2117 1657 2177 erit
