2000 2581
358 205 447 265 Non
482 208 561 268 cito
583 211 763 271 luclifico
809 211 921 271 pulsa
955 212 1056 272 dolore
1091 213 1270 273 cadunt.

152 290 239 350 Cum
287 289 345 349 vnd
384 289 510 349 corpus
548 289 703 349 teneeur
722 290 789 350 cum
837 291 896 351 sit
973 293 1032 353 eor
1070 295 1185 355 molle
1215 298 1350 358 puellis

380 364 438 424 Vix
488 365 639 425 miserae
672 366 814 426 possunt
864 368 1006 428 damna
1047 370 1198 430 minora
1240 375 1323 435 pati

292 443 472 503 Tevarii
488 438 653 498 execrerit
700 438 810 498 semque
834 440 1022 500 rerreantq
1069 443 1211 503 labores

357 519 454 579 Cum
507 515 551 575 in
604 514 657 574 sit
692 515 799 575 tanto
843 516 905 576 tge
941 517 1055 577 nulla
1100 517 1232 577 quies.

286 593 367 653 Ant
407 589 440 649 ta
472 587 537 647 cum
594 586 691 646 soris
732 587 838 647 muda
879 589 1033 649 rertare
1074 593 1252 653 palestra

790 627 912 687 mittere
362 663 446 723 Ant
481 662 581 722 potes
616 662 649 722 ad
691 664 860 724 tertum,
877 666 945 726 tela
995 669 1156 729 Vnae
1190 670 1283 730 locum

281 741 365 801 Ant
412 736 550 796 veloris
580 735 673 795 equi
696 736 758 796 luc
788 738 919 798 tantia
965 741 1049 801 colla
1088 742 1303 802 retorquens

354 810 513 870 Exiguo
566 809 704 869 positas
737 812 886 872 fectis
917 814 960 874 in
991 817 1077 877 orbe
1108 821 1257 881 pedes.

288 893 346 953 Vel
380 889 496 949 modo
537 888 719 948 venando
760 889 819 949 vel
852 892 992 952 patrita
1035 895 1126 955 rura
1159 900 1308 960 rolendo

368 965 523 1025 Pissibus
553 961 608 1021 aut
654 961 818 1021 inhiaus
864 965 1027 1025 tempus
1058 970 1174 1030 iname
1205 975 1337 1035 teris.

292 1044 398 1104 Rux
429 1042 536 1102 milni
557 1041 599 1101 si
609 1040 727 1100 tollas
768 1041 907 1101 supest
949 1045 1002 1105 uil
1033 1049 1129 1109 pter
1150 1057 1319 1117 amare,

382 1123 566 1183 Tempora
606 1123 648 1183 sic
679 1124 832 1184 lucis,
853 1126 1026 1186 tempora
1078 1128 1139 1188 noc
1159 1130 1211 1190 tis
1232 1133 1323 1193 avo¬

285 1200 372 1260 Aut
401 1199 459 1259 ego
517 1199 614 1259 quas
653 1199 721 1259 heo
779 1201 827 1261 de
855 1202 895 1262 te
933 1204 1098 1264 prequiro
1136 1207 1291 1267 puellas

337 1285 407 1345 Et
445 1276 602 1336 Tonpum
662 1274 711 1334 de
750 1275 789 1335 te
829 1276 937 1336 fallo
976 1279 1153 1339 vogando
1192 1281 1310 1341 diem.

305 1358 499 1418 Interdum
550 1354 786 1414 lartergiis
827 1354 857 1414 in
908 1355 990 1415 ma
1031 1362 1276 1422 radentibus
1308 1374 1379 1434 ora

350 1430 517 1490 Desinit
561 1427 607 1487 in
640 1427 785 1487 medio
818 1430 965 1490 linqua
1009 1435 1165 1495 retenta
1209 1439 1332 1499 sono.

299 1512 465 1572 Solante
510 1503 609 1563 Nbis
642 1502 820 1562 miseram
919 1508 986 1568 sed
1018 1513 1184 1573 gandia
1218 1516 1328 1576 nulla

346 1584 561 1644 Accipiunt
613 1582 673 1642 luc
708 1584 742 1644 tu
802 1586 931 1646 rovda
983 1592 1164 1652 eranata
1198 1590 1310 1650 meo.

302 1673 346 1733 Te
380 1663 534 1723 vedurem
600 1657 710 1717 nobis
766 1658 976 1718 quittunt
1032 1666 1153 1726 Vnce
1185 1675 1341 1735 fatura

363 1739 437 1799 Sed
479 1735 628 1795 quissa
661 1734 766 1794 gemo
820 1737 958 1797 vorua
1011 1741 1159 1801 rarere
1203 1745 1319 1805 fide.

300 1819 341 1879 Ta
384 1818 510 1878 quoque
532 1817 722 1877 pollicitus
773 1816 932 1876 fueras
975 1817 1037 1877 sed
1069 1818 1185 1878 vana
1228 1822 1374 1882 lanutus

349 1905 449 1965 Non
499 1902 590 1962 facis
640 1901 690 1961 vt
740 1899 890 1959 possint
931 1898 1023 1958 Eba
1073 1897 1223 1957 tenere
1264 1897 1431 1957 fidem.

304 1988 419 2048 Turpe
465 1981 557 2041 viro
604 1977 742 2037 fuerit
812 1974 927 2034 sociis
973 1974 1205 2034 promittere
1250 1979 1366 2039 falsa

374 2056 429 2116 del
458 2057 569 2117 fictis
616 2057 756 2117 verbis
802 2056 1045 2116 imposuisse
1091 2058 1249 2118 viris.
