2000 2581
325 142 535 202 Vigerat,
545 135 616 195 haec
656 130 757 190 voluit
806 125 998 185 trepidanti
1028 125 1148 185 mente
1188 132 1318 192 peleta

388 221 453 281 Et
500 214 593 274 dubio
622 208 725 268 versat
791 202 838 262 per
856 199 940 259 bore
978 199 1071 259 inssa
1109 200 1183 260 Dei¬

342 292 514 352 Impellit
555 283 697 343 pietas,
717 277 869 337 Domini
900 274 981 334 quae
991 273 1001 333 s
1021 273 1163 333 fernere
1194 275 1295 335 Legem

413 362 622 422 Impedit,
650 352 736 412 hinc
774 347 916 407 cruciat
965 345 1032 405 per
1050 345 1136 405 tora
1174 346 1317 406 masta
1354 348 1440 408 timor

345 448 417 508 Ia
452 437 605 497 intet,
622 429 739 489 timor
783 425 882 485 inde
909 422 1016 482 vetat
1071 421 1321 481 studiumque
1339 421 1455 481 salutis

427 511 571 571 Quo
620 501 745 561 magis
812 495 880 555 hec
928 492 1043 552 veget
1111 492 1169 552 hoc
1207 494 1343 554 magis
1362 496 1429 556 illa
1457 499 1554 559 praeit

351 591 449 651 Nec
480 584 560 644 bene
603 576 738 636 dimino
775 569 959 629 munitus
1015 564 1181 624 mimine
1217 563 1316 623 vates
1587 594 1687 654 fuga
1720 597 1819 657 pnit.

398 654 672 714 Succumbens
718 641 860 701 animo
897 638 982 698 diva
1029 635 1142 695 picla
1189 632 1293 692 fagit

353 748 456 808 Pergt
483 735 601 795 fagam
665 724 716 784 Cs
743 719 873 779 taltae
912 716 1016 776 tanta
1055 716 1080 776 e
1121 718 1302 778 dementia
1328 725 1496 785 mertis)

391 824 445 884 De
474 816 557 876 caeli
584 806 760 866 dominum
816 794 917 854 posse
944 790 1065 850 latere
1102 789 1222 849 putat

349 891 419 951 Et
449 884 538 944 petit
579 876 719 936 insionis
748 867 968 927 stenmantia
1009 863 1139 923 littora
1209 863 1319 923 Joppes

414 967 461 1027 Ve
499 961 575 1021 seno
612 954 727 1014 fugit
773 949 849 1009 seda
897 944 991 1004 pidla
1029 938 1161 998 mari.

340 1048 406 1108 Al
439 1040 547 1100 male
580 1030 745 1090 mortales
796 1022 936 1082 quanta
978 1018 1052 1078 haec
1085 1018 1259 1078 dementia
1301 1024 1408 1084 voxat
244 1054 288 1114 53

408 1115 446 1175 In
486 1110 603 1170 sumis
643 1104 799 1164 sperant
838 1102 916 1162 dum
965 1102 1053 1162 bona
1092 1102 1190 1162 suma
1239 1108 1405 1168 malis.
239 1130 260 1190 33

347 1199 432 1259 Wie
471 1187 633 1247 homines
670 1179 814 1239 datuit
871 1176 938 1236 non
976 1177 1053 1237 diva
1100 1179 1234 1239 piula
1281 1185 1395 1245 sonti

392 1265 655 1325 Formidans
729 1258 834 1318 queis
875 1256 938 1316 nil
990 1256 1117 1316 senius
1148 1256 1190 1316 ve
1222 1260 1348 1320 potest

361 1353 591 1413 Consiendit
621 1341 741 1401 naues
791 1336 841 1396 ep
871 1336 911 1396 in
940 1335 1090 1395 aequore
1121 1337 1271 1397 vertus
1301 1339 1381 1399 apto

400 1424 420 1484 E
471 1421 605 1481 reptum
647 1417 750 1477 divis
792 1412 832 1472 se
863 1409 977 1469 putat
1007 1408 1080 1468 esse
1100 1408 1224 1468 malis

346 1501 524 1561 falsaqe
545 1494 607 1554 iam
660 1489 837 1549 timidum
900 1485 984 1545 deles
1015 1484 1109 1544 tant
1140 1484 1266 1544 pandia
1298 1493 1421 1553 petus

403 1578 466 1638 Et
512 1568 622 1628 tales
658 1563 795 1623 gandet
841 1561 877 1621 se
913 1561 1097 1621 reperisse
1115 1563 1242 1623 dolos.

354 1656 423 1716 Abl
457 1649 567 1709 misse,
584 1645 619 1705 et
644 1642 712 1702 non
747 1639 806 1699 his
849 1636 993 1696 faelicit
1053 1635 1181 1695 artibus
1215 1635 1274 1695 vse

401 1727 544 1787 Nessis
574 1719 625 1779 quod
636 1715 728 1775 deus
759 1710 830 1770 iam
882 1707 953 1767 tibi
1005 1706 1098 1766 fata
1138 1708 1251 1768 paret

338 1806 475 1866 Toce
520 1794 712 1854 procelloso
748 1782 977 1842 consureunt
1031 1781 1177 1841 turbine
1223 1790 1352 1850 venti¬
1551 1790 1746 1850 Tempestatis
1566 1844 1687 1904 aestormptio

419 1880 560 1940 Dndich
608 1866 778 1926 vasanus
825 1859 1004 1919 Fluctus
1052 1857 1212 1917 Ranna
1250 1858 1355 1918 mit¬

348 1960 566 2020 Algificus
611 1943 772 2003 Boreas
817 1934 1045 1994 trepidando
1091 1938 1274 1998 Hamine
1308 1958 1445 2018 Studet

340 2054 350 2114 1
390 2048 410 2108 L
510 2031 651 2091 Notus
680 2018 871 2078 oppositum
930 2015 1101 2075 coneutit
1150 2017 1221 2077 vsfue
1241 2022 1370 2082 latus.

344 2123 406 2183 Jam
457 2111 770 2171 salsttituidae
808 2098 957 2158 montes
996 2096 1221 2156 volmunter
1246 2101 1371 2161 aquai
