2000 2581
853 151 926 211 BL
962 148 984 208 T
1021 146 1093 206 HG
1130 144 1166 204 R.
1180 142 1224 202 B.
1231 138 1296 198 R.

454 214 550 274 Hec
578 214 634 274 ego
664 213 692 273 te
720 211 930 271 larterguas
967 208 1072 268 oro,
1101 205 1186 265 quae
1215 203 1367 263 numera
1414 202 1510 262 vitae

530 287 725 347 Concessi,
749 287 806 347 per
839 286 880 346 te
928 283 1059 343 vinere
1099 281 1149 341 vt
1181 281 1254 341 ipsa
1296 281 1433 341 queam.

470 359 586 419 Nam
635 358 663 418 si
692 358 741 418 me
770 356 925 416 iiseram
983 354 1099 414 (quod
1129 354 1273 414 nolim)
1294 355 1448 415 spuere
1487 361 1612 421 pergas

537 437 583 497 Ad
616 431 750 491 mortem
810 425 923 485 fuerit
969 423 1029 483 non
1076 422 1182 482 mora
1228 422 1335 482 lonea
1368 422 1475 482 meum

468 511 661 571 Aspicias
702 505 774 565 opto
814 501 895 561 quae
927 498 977 558 sit
1008 497 1110 557 mihi
1140 497 1263 557 forma
1313 504 1416 564 colora

535 584 647 644 Ante
671 581 750 641 tibi
772 579 852 639 deque
875 575 966 635 visam
1023 575 1078 635 me
1113 575 1227 635 prius
1271 580 1340 640 esse
1374 589 1511 649 neges.

457 658 633 718 Oempat
679 655 710 715 es
755 653 948 713 maries,
971 653 1170 713 crepitans
1209 654 1240 714 in
1278 657 1424 717 corpore
1454 661 1562 721 pallor

546 730 614 790 Vix
658 726 745 786 sinit
805 724 849 784 vt
883 724 1005 784 tristis
1048 726 1230 786 lanquida
1282 732 1447 792 membra
1491 741 1655 801 tratam.

360 817 410 877 Ee
461 809 612 869 Crebeo
652 802 896 862 lactroyna,
916 802 1037 862 timor
1078 804 1138 864 &amp;
1148 807 1291 867 spes,
1301 810 1402 870 iura
1442 815 1583 875 pennis

522 881 753 941 Deturpant
807 877 922 937 faciem
985 879 1091 939 nocte
1136 882 1243 942 diequi
1269 884 1421 944 meam.

485 954 649 1014 Quare
694 948 731 1008 si
759 948 1041 1008 incolumem,
1069 952 1096 1012 si
1124 955 1178 1015 mie
1214 959 1279 1019 vis
1324 965 1461 1025 vinere
1497 973 1616 1033 Dauid

547 1025 718 1085 Polliciti
754 1023 888 1083 teneam
961 1024 1024 1084 fac
1069 1027 1177 1087 sacra
1231 1032 1321 1092 iura
1366 1038 1483 1098 thori.

488 1113 545 1173 As
565 1107 633 1167 pire
662 1100 855 1160 candenti
883 1100 931 1160 quae
952 1100 1038 1160 sunt
1076 1105 1183 1165 mihhi
1221 1110 1347 1170 stripta
1395 1119 1540 1179 pappro

535 1178 641 1238 Qna
678 1175 721 1235 sed
766 1174 989 1234 lachrptas
1043 1180 1167 1240 aspice
1212 1187 1283 1247 queo
1328 1192 1461 1252 meas.

470 1255 548 1315 die
572 1251 639 1311 tibi
674 1249 718 1309 sit
752 1249 900 1309 reguum
968 1253 1115 1313 faliq,
1137 1257 1183 1317 sic
1239 1264 1398 1324 tempore
1432 1273 1533 1333 longo

532 1327 755 1387 Aspiciens
807 1326 935 1386 natos
987 1332 1168 1392 tradita
1220 1341 1348 1401 sceptra
1390 1348 1506 1408 regas

714 1443 733 1503 B
792 1441 805 1501 L
870 1441 1501 1501 TIISABADAVIVI.

465 1563 566 1623 Cum
613 1557 760 1617 viduata
807 1556 861 1616 suo
899 1558 1010 1618 fuerit
1055 1561 1111 1621 pra
1149 1564 1314 1624 compare
1360 1566 1471 1626 turtur

543 1633 735 1693 trondibus
780 1635 891 1695 acriis
927 1636 982 1696 sic
1018 1637 1074 1697 sua
1110 1637 1192 1697 fata
1228 1635 1329 1695 genit

485 1712 592 1772 Sient
620 1708 679 1768 exo
708 1708 844 1768 amisso
882 1713 1038 1773 dilecto
1066 1720 1222 1780 roninge
1260 1721 1348 1781 ploro

540 1789 567 1849 D
639 1785 818 1845 princeps
863 1787 980 1847 patriae
1024 1791 1132 1851 duxqui
1168 1795 1285 1855 paterq
1329 1797 1437 1857 tua.

480 1871 566 1931 Hei
594 1863 700 1923 miti
719 1860 796 1920 quid
834 1860 949 1920 faciam
1026 1865 1073 1925 que
1092 1868 1188 1928 nune
1217 1872 1283 1932 iia
1313 1876 1428 1936 litera
1456 1879 1541 1939 lucta

539 1935 697 1995 Incrpiet
751 1932 822 1992 faci
857 1934 990 1994 damna
1035 1941 1167 2001 referve
1211 1945 1282 2005 mei

496 2019 610 2079 Nem
672 2015 820 2075 mihi
856 2015 891 2075 si
917 2015 1041 2075 rentum
1093 2017 1251 2077 linquas
1296 2023 1436 2083 natura
1480 2030 1620 2090 dedisset

554 2102 665 2162 Nom
720 2097 840 2157 tamen
886 2095 950 2155 his
979 2094 1090 2154 possem
1145 2094 1246 2154 dicere
1284 2095 1413 2155 quanta
1450 2096 1552 2156 feram

1574 2161 1672 2221 Sicnt
