2000 2581
505 162 612 222 Atque
631 159 769 219 videns
807 159 954 219 landat
1023 160 1238 220 landando
1267 161 1414 221 colligit
1443 159 1570 219 ignes.

460 231 492 291 Vt
530 227 653 287 mare
692 226 782 286 quod
827 225 963 285 temnis
1008 227 1202 287 paulatim
1260 229 1446 289 comonet
1486 230 1576 290 aura

515 292 696 352 Insurgit
744 289 884 349 sensur
917 289 1131 349 tremulum
1197 293 1262 353 cris
1287 295 1452 355 pantibus
1476 297 1591 357 vndis

518 367 597 427 Nec
631 359 745 419 furit
778 356 1016 416 insamum,
1027 357 1107 417 nec
1140 360 1265 420 senas
1287 363 1413 423 surgit
1446 366 1481 426 in
1503 368 1629 428 iras,

518 438 553 498 di
582 428 824 488 vethemens
871 426 977 486 autem
1037 428 1190 488 ventus
1225 434 1425 494 accesserit
1461 435 1513 495 illi

502 502 706 562 Aestuat
752 494 1031 554 imersum,
1049 499 1180 559 seseque
1198 503 1337 563 attellit
1374 505 1402 565 in
1440 505 1541 565 altum

501 571 777 631 Fluctibus,
800 569 899 629 atque
923 569 1029 629 ferox
1068 569 1199 629 muas
1237 571 1405 631 erustat
1443 574 1611 634 arenas.

487 638 574 698 Et
617 635 774 695 scopulos
819 635 958 695 pulsat
1011 636 1168 696 dures,
1185 640 1395 700 iuruasque
1412 644 1604 704 carinas.

518 712 602 772 Nec
645 707 798 767 modus
840 705 909 765 est
951 705 1036 765 ivae
1088 705 1138 765 ne
1207 706 1308 766 mune
1360 710 1581 770 modamina
1615 714 1759 774 restant

464 790 520 850 Sic
566 777 690 837 quoque
702 771 896 831 paulatim
952 774 1191 834 muliebria
1224 779 1282 839 pes
1304 780 1395 840 tora
1428 777 1588 837 furant

519 853 644 913 Qut
678 846 836 906 potmum
894 844 1036 904 temnis
1078 846 1261 906 Veneris
1303 849 1536 909 quiouerat
1578 853 1669 913 aura

521 930 672 990 Sepius
708 919 752 979 at
797 913 984 973 ternens
1038 913 1154 973 puete
1207 916 1270 976 iam
1323 919 1457 979 colligit
1501 921 1608 981 intus

525 1000 722 1060 Acdorem
781 983 970 1043 coerum,
999 981 1197 1041 mutritqu
1246 984 1277 1044 in
1326 987 1384 1047 per
1404 991 1494 1051 tore
1523 998 1720 1058 famam.

525 1082 547 1142 D
603 1070 760 1130 quoties
793 1062 917 1122 oblita
961 1058 1050 1118 su,
1072 1057 1140 1117 sua
1185 1057 1353 1117 lumina
1397 1059 1532 1119 figens

527 1147 565 1207 In
614 1139 729 1199 pueri
778 1132 951 1192 vultum
1019 1130 1097 1190 non
1144 1130 1212 1190 est
1261 1130 1453 1190 saturata
1501 1129 1655 1189 videndo

526 1217 588 1277 sed
623 1208 757 1268 magis
809 1201 978 1261 insanos
1022 1199 1262 1259 ternendo
1306 1200 1448 1260 colligit
1493 1201 1537 1261 as
1563 1203 1653 1263 tus.

527 1281 618 1341 Non
654 1274 826 1334 dapibus
871 1269 1007 1329 gaudet
1052 1268 1242 1328 lautis,
1260 1269 1342 1329 non
1379 1272 1505 1332 dulcia
1550 1277 1641 1337 vina

526 1354 696 1414 Appetit
743 1344 936 1404 infoelig,
962 1339 1035 1399 non
1058 1338 1167 1398 sorum
1228 1339 1409 1399 numera
1445 1346 1602 1406 captat

522 1428 631 1488 Ast
660 1420 730 1480 auo
760 1413 869 1473 semp
918 1407 1046 1467 pueri
1077 1406 1264 1466 obuersat
1314 1409 1502 1469 imago.

528 1492 621 1552 Iten
667 1483 771 1543 vtque
808 1478 939 1538 puella
985 1476 1116 1536 gemit
1162 1478 1274 1538 harae
1303 1483 1526 1543 genetricis
1555 1491 1685 1551 aboris

524 1557 671 1617 Abtuc
694 1552 738 1612 ta
772 1547 975 1607 infoclix,
999 1547 1089 1607 diri
1111 1547 1214 1607 quam
1270 1550 1428 1610 peenia
1473 1555 1632 1615 Martis

535 1627 687 1687 Victor
723 1623 794 1683 has
812 1621 919 1681 letus
964 1619 1223 1679 pereprinas
1267 1621 1375 1681 ducit
1410 1625 1446 1685 in
1482 1631 1607 1691 eras,

520 1699 582 1759 Et
619 1694 690 1754 dat
726 1690 985 1750 blanditias
1021 1689 1183 1749 tenerae
1200 1691 1262 1751 &amp;
1290 1696 1459 1756 solantia
1496 1701 1567 1761 xota

525 1767 670 1827 Sepius
714 1759 916 1819 incultat
962 1759 1129 1819 priaeque
1151 1763 1285 1823 oblinia
1331 1767 1397 1827 nec
1421 1768 1476 1828 tit

534 1843 618 1903 Her
651 1837 693 1897 at
725 1833 853 1893 priam
907 1831 1057 1891 charam
1110 1832 1292 1892 tharosqus
1334 1835 1504 1895 penatos

533 1911 694 1971 Infoelix
757 1907 900 1967 recolit
989 1906 1096 1966 hare
1141 1908 1365 1968 genefriris
1400 1910 1552 1970 anores

525 1976 765 2036 Tumnat
826 1976 885 2036 est
920 1976 1066 2036 ammo
1100 1979 1255 2039 lugenti
1281 1982 1444 2042 pandiae
1461 1986 1598 2046 redunt

537 2043 612 2103 Non
654 2041 713 2101 hec
747 2040 981 2100 blanditias
1015 2043 1132 2103 curat
1174 2047 1274 2107 quas
1308 2052 1509 2112 Barbarus
1543 2057 1619 2117 olli¬

537 2106 703 2166 Offerti,
730 2104 777 2164 sed
824 2104 963 2164 patris
990 2105 1064 2165 ain
1111 2108 1305 2168 delectat
1352 2115 1379 2175 in
1416 2120 1545 2180 oris.

1519 2181 1575 2241 dic
1603 2180 1683 2240 etiam
