2000 2581
727 142 1036 202 paco80.

336 198 479 258 serritus
514 197 568 257 ille
602 198 752 258 furit,
766 198 902 258 maestis
944 199 1012 259 nun
1080 200 1217 260 fletibus
1257 200 1292 260 al
1312 199 1415 259 autam

388 256 518 316 Implet
586 257 661 317 num
734 257 846 317 pribus
889 259 995 319 corda
1051 261 1217 321 paterna
1261 263 1409 323 monet.

326 330 405 390 Ast
437 323 503 383 vbi
530 320 582 380 nec
622 318 786 378 precibus
833 318 938 378 potuit
990 321 1056 381 nec
1096 325 1261 385 vincere
1300 329 1418 389 Netu¬

399 381 592 441 Futerineo
629 381 716 441 seuae
760 381 922 441 protulit
965 383 1021 443 ore
1052 386 1214 446 minas.

323 450 405 510 Her
436 446 474 506 ne
512 443 600 503 meae
632 440 751 500 fuerit
808 439 991 499 torpentis
1028 442 1154 502 mnertia
1198 451 1361 511 deptra¬

394 506 550 566 Quisque
579 502 614 562 vt
650 500 807 560 impune
856 500 899 560 sic
935 502 1099 562 nomisse
1134 505 1241 565 queat

348 574 435 634 Qui
464 567 565 627 prius
594 562 718 622 astate
769 560 921 620 natalis
965 563 1248 623 maximaliura

393 635 623 695 Abstulit,
643 626 675 686 en
715 622 800 682 etiam
859 622 951 682 nume
997 625 1129 685 potiora
1167 631 1260 691 tulit

332 696 444 756 Quid
482 693 574 753 mihi
602 690 678 750 num
742 688 901 748 prodest
938 688 1060 748 facilem
1116 695 1265 755 temmisse
1293 707 1433 767 parente

398 757 575 817 Improba
623 755 647 815 si
680 755 696 815 s
744 754 809 814 ine
856 754 889 814 se
928 754 1073 814 iniqua
1122 759 1227 819 mihi
1251 766 1307 826 est

328 831 381 891 An
424 827 494 887 quia
529 824 599 884 plis
634 822 792 882 valeant
844 823 1045 883 mulicbria
1088 829 1229 889 pertora
1272 840 1429 900 frande,

386 898 577 958 tinunda
625 893 788 953 demens
827 892 913 952 vsque
932 894 1086 954 iacebis
1123 899 1239 959 tnno

340 969 412 1029 ur
436 965 541 1025 milsi
573 963 661 1023 nunc
702 962 798 1022 pater
830 963 935 1023 est,
952 965 1089 1025 mater
1129 969 1153 1029 si
1177 974 1314 1034 muncta
1362 985 1515 1045 instrat

377 1029 508 1089 Filioli
541 1025 581 1085 vt
613 1025 725 1085 ruret
777 1027 869 1087 fata
909 1032 1073 1092 secunda
1113 1035 1191 1095 sui¬

332 1100 386 1160 At
417 1095 478 1155 non
518 1091 618 1151 tatis
656 1091 849 1151 Abram,
872 1096 1034 1156 dominu
1087 1102 1172 1162 quem
1227 1109 1318 1169 Sara
1358 1116 1496 1176 vorabat

387 1162 399 1222 e
460 1156 612 1216 vtinam
673 1154 795 1214 patris
844 1155 948 1215 corda
991 1158 1168 1218 moneret
1210 1166 1302 1226 anns

339 1226 399 1286 Sed
430 1223 512 1283 quid
552 1220 644 1280 Esan
684 1219 889 1279 quereris,
899 1220 981 1280 quid
1021 1222 1093 1282 nam
1144 1226 1205 1286 tua
1246 1231 1368 1291 pectora
1409 1243 1551 1303 tanant.

390 1293 491 1353 Qux
522 1289 585 1349 cum
641 1286 817 1346 termano
854 1287 987 1347 mater
1018 1291 1149 1351 iniqua
1200 1297 1313 1357 parat

326 1366 377 1426 An
413 1360 491 1420 nisi
525 1355 665 1415 consilio
709 1354 849 1414 poteris
891 1356 978 1416 bene
1031 1363 1179 1423 viuere
1205 1372 1336 1432 matris

403 1432 538 1492 Altera
585 1420 754 1480 fortunae
788 1419 896 1479 nulla
936 1423 1078 1483 parata
1126 1429 1186 1489 via
1220 1434 1274 1494 est
1308 1438 1314 1498 5

566 1453 690 1513 dure4
332 1506 434 1566 Zum
486 1494 794 1554 habeatsfrater
826 1490 1031 1550 provpo
1072 1495 1216 1555 frande
1257 1508 1421 1568 paranit

403 1569 561 1629 Tempus
594 1562 666 1622 erit
726 1560 792 1620 cum
845 1559 905 1619 non
950 1560 1010 1620 hoc
1050 1566 1228 1626 habuisse
1261 1572 1347 1632 vollt

340 1639 425 1699 Non
464 1628 603 1688 genitor
643 1621 789 1681 vinet,
805 1621 859 1681 nec
905 1621 1037 1681 mater
1091 1628 1215 1688 sacula
1254 1638 1386 1698 centum

396 1695 605 1755 Vindictae
639 1689 795 1749 venient
848 1690 1009 1750 tempora
1056 1692 1126 1752 letu
1172 1693 1287 1753 meae.

340 1766 438 1826 Tunc
483 1757 612 1817 faciam
664 1754 725 1814 qui
747 1754 793 1814 sim
853 1754 981 1814 feater
1011 1757 1071 1817 nee
1101 1762 1260 1822 sentiat
1313 1770 1373 1830 esse

381 1827 458 1887 Nen
497 1822 660 1882 timidet
691 1822 824 1882 poterit
878 1824 1166 1884 teladepersit
1236 1833 1345 1893 prpta
1392 1842 1516 1902 innare
1547 1852 1702 1912 parens.

344 1894 438 1954 Talia
479 1889 607 1949 cendeli
640 1887 728 1947 frau
789 1887 856 1947 dum
917 1893 1118 1953 fulminat
1166 1906 1260 1966 ore¬

385 1962 507 2022 Audit
548 1959 602 2019 &amp;
616 1958 629 2018 e
664 1958 779 2018 sernis
827 1959 984 2019 rettulit
1024 1964 1093 2024 vna
1133 1969 1222 2029 nuts
1243 1975 1351 2035 mili.

348 2029 520 2089 Protinus
565 2025 701 2085 egelido
737 2025 929 2085 conuerit
982 2031 1145 2091 postore
1181 2041 1371 2101 sanquis,

384 2101 451 2161 Et
493 2098 618 2158 flanae
651 2098 794 2158 capitis
835 2100 1044 2160 diriguere
1077 2106 1202 2166 romae
