2000 2581
683 116 868 176 n1051

304 192 364 252 Et
407 187 466 247 per
510 183 630 243 aquas
681 182 809 242 salsas
852 181 980 241 obenta
1023 179 1134 239 turba
1169 173 1339 233 natat.

243 275 355 335 Hac
388 266 445 326 exo
490 260 568 320 nun
602 256 726 316 recolo
771 253 973 313 Quamque
996 253 1053 313 est
1109 253 1345 313 meminisse
1367 255 1536 315 voluptas

332 329 584 389 summrunt
651 323 777 383 menti
830 322 1016 382 carmina
1076 322 1182 382 dicta
1222 322 1334 382 nit.

272 407 453 467 Namst
486 399 528 459 ego
560 395 624 455 num
677 392 849 452 mersum
914 392 1084 452 rexenque
1116 393 1256 453 suosque
1277 396 1437 456 viderem

342 477 534 537 Corripri
580 470 687 530 releri
726 468 934 528 tempona
980 468 1102 528 rauen
1149 468 1302 528 manu.

281 557 390 617 Sunt
431 550 581 610 conites
621 546 721 606 aliae
761 545 950 605 quotquat
1001 545 1041 605 de
1071 546 1171 606 gente
1211 549 1371 609 sacrata

349 625 593 685 Transierat
652 623 771 683 vnsei
804 622 939 682 littora
980 621 1056 681 sura
1099 619 1275 679 maris.

287 705 362 765 Tum
426 697 474 757 ego
510 692 744 752 flauentes
781 691 930 751 capitis
978 692 1146 752 resoluta
1192 688 1360 748 capillos

379 770 579 830 Tympona
634 763 743 823 curua
789 763 916 823 sraus
971 763 1062 823 vore
1107 765 1308 825 taamente
1344 767 1463 827 cauo¬

289 854 444 914 antabo
483 845 623 905 domin
685 840 872 900 meritos
927 839 997 899 eum
1052 839 1176 899 lande
1231 841 1472 901 Triumphos,

337 928 395 988 Et
425 922 473 982 qe
493 919 572 979 num
641 916 787 976 victor
826 917 983 977 putetra
1032 917 1159 977 tropra
1209 914 1307 974 tulit

294 1001 547 1061 Magenifico
591 992 777 1052 hostiles
822 991 898 1051 nam
965 991 1063 1051 pessit
1119 992 1218 1052 pett
1251 994 1383 1054 robore
1405 997 1569 1057 turmas

359 1076 559 1136 Armatos
612 1067 717 1127 salso
760 1066 939 1126 quegite
981 1066 1076 1126 mer
1098 1066 1150 1126 sit
1182 1065 1329 1125 equos.

269 1155 432 1215 Nulla
481 1145 678 1205 humana
735 1140 883 1200 manus
939 1140 1087 1200 poterit
1144 1141 1221 1201 par
1263 1143 1383 1203 dicier
1405 1144 1461 1204 illi

357 1234 467 1294 Pt
510 1223 604 1283 Dens
638 1218 723 1278 vna
758 1216 860 1276 salus
962 1216 1038 1276 est
1082 1217 1175 1277 mea
1217 1218 1294 1278 mra
1337 1217 1456 1277 Dens.

281 1317 389 1377 Spos
420 1305 507 1365 mea
560 1297 604 1357 sit
647 1292 906 1352 dominus,
927 1292 1078 1352 lans,
1111 1294 1337 1354 prinneps,
1348 1295 1412 1355 ota
1477 1292 1617 1352 fama.

358 1383 445 1443 Est
490 1374 585 1434 huic
639 1370 691 1430 quae
709 1369 823 1429 possit
867 1369 1043 1429 vimere
1087 1372 1184 1432 dura
1219 1376 1412 1436 manus.

229 1468 403 1528 Quid
451 1458 486 1518 in
532 1455 603 1515 hic
637 1452 731 1512 opus
766 1452 825 1512 est
871 1452 965 1512 quae
1000 1454 1094 1514 feri
1117 1456 1269 1516 cuncta
1305 1462 1491 1522 referve.

368 1536 531 1596 Omnia
576 1529 635 1589 non
681 1528 811 1588 posset
870 1530 1000 1590 dicere
1046 1532 1118 1592 tota
1157 1533 1255 1593 dies.

301 1613 397 1673 Hec
429 1606 482 1666 ego
515 1602 589 1662 dum
653 1601 771 1661 rebolo
813 1602 930 1662 vana
974 1606 1059 1666 spe
1101 1612 1273 1672 tempora
1326 1619 1475 1679 fallens

377 1681 582 1741 Concipio
627 1676 789 1736 infaelip
843 1679 1007 1739 gandia
1060 1684 1180 1744 ficta
1223 1688 1342 1748 mihi¬

310 1765 374 1825 Et
414 1760 478 1820 imo
526 1755 678 1815 praesentem
743 1753 886 1813 vestuis
918 1755 975 1815 me
1006 1759 1111 1819 lude
1134 1767 1327 1827 rastris.

374 1834 426 1894 Et
480 1829 564 1889 puto
606 1828 669 1888 one
711 1830 847 1890 populo
890 1835 1069 1895 mystira
1100 1843 1185 1903 esta
1226 1848 1352 1908 loqui.

300 1918 426 1978 forte
457 1913 511 1973 sed
542 1911 732 1971 aspiciens
785 1915 996 1975 faedatum
1060 1927 1250 1987 albedine
1281 1937 1440 1997 corpus.

375 1994 492 2054 leque
505 1991 583 2051 inea
622 1991 752 2051 satra
805 1995 935 2055 lavida
987 2001 1090 2061 signa
1130 2004 1208 2064 niti

325 2077 494 2137 Dequio
529 2070 700 2130 miseros
747 2071 880 2131 parin
939 2077 1012 2137 num
1073 2085 1230 2145 poctore
1265 2099 1410 2159 vnters
