2000 2581
837 122 1176 182 DR212A

454 182 588 242 Nunc
627 181 730 241 mihi
761 180 935 240 tabescunt
983 179 1140 239 antus,
1156 177 1227 237 num
1290 174 1480 234 plarimus
1519 168 1574 228 ore

516 257 689 317 pallor,
711 253 794 313 nun
869 251 997 311 marie
1034 251 1192 311 pallida
1230 252 1396 312 memra
1433 250 1621 310 crepant.

467 333 668 393 Perdunter
695 327 823 387 iimio
878 326 1015 386 teneri
1061 327 1262 387 languore
1298 329 1444 389 lacerti

535 407 689 467 Quos
719 404 825 464 toties
863 404 1019 464 Cressis
1067 404 1202 464 Icolla
1241 405 1367 465 tutere
1405 407 1502 467 tua.

481 484 600 544 Atqe
620 477 758 537 manus
807 474 1005 534 lanquent
1044 475 1153 535 nobis
1211 478 1301 538 num
1369 485 1507 545 anulqus
1528 492 1616 552 auri

520 560 568 620 In
594 556 754 616 pracili
779 552 902 612 digito
940 550 1013 610 vix
1063 551 1298 611 remunere
1335 556 1458 616 pot¬

473 642 572 702 Her
596 634 694 694 nune
732 629 817 689 ipse
855 626 1003 686 leges,
1015 626 1076 686 ne
1138 626 1175 686 te
1211 628 1335 688 plecta
1371 633 1569 693 monebunq

521 708 615 768 Nen
643 702 774 762 venies
813 699 916 759 toties
963 697 1075 757 corde
1114 697 1226 757 petite
1263 697 1339 757 meo

467 785 616 845 Quipe
651 779 818 839 dilectam
871 774 905 834 si
941 773 1002 833 vis
1038 772 1099 832 io
1142 773 1292 833 vinere
1318 780 1476 840 aniram

525 868 589 928 Si
614 860 678 920 non
719 848 944 908 sanquinei
976 844 1121 904 nomen
1162 848 1354 908 amantis
1395 862 1548 922 habes.

473 936 570 996 Cur
598 931 653 991 exo
680 928 736 988 tot
764 926 848 986 sine
889 925 930 985 te
959 925 1057 985 inreo
1098 926 1223 986 male
1264 933 1431 993 frigida
1472 943 1541 1003 nur
1556 951 1652 1011 tes.

528 1013 622 1073 Ner
661 1006 699 1066 ta
746 1002 813 1062 nun
860 1000 975 1060 posses
1012 1000 1089 1060 vsfl
1127 1004 1269 1064 venire
1307 1013 1421 1073 venis

451 1091 548 1151 Que
576 1081 654 1141 mea
692 1075 770 1135 nun
838 1074 964 1134 medio
1022 1080 1226 1140 ponutur
1254 1092 1429 1152 membra
1468 1105 1623 1165 iutili¬

517 1156 715 1216 Marima
762 1148 819 1208 nur
856 1148 960 1208 nestr
1026 1154 1121 1214 pars
1178 1164 1319 1224 varat
1377 1175 1462 1235 vna
1499 1183 1575 1243 thon

464 1243 546 1303 ur
574 1234 694 1294 foris
731 1229 767 1289 vt
814 1228 924 1288 molli
961 1229 1035 1289 quo
1071 1236 1256 1296 pandent
1311 1246 1367 1306 oia
1421 1256 1559 1316 Somno

501 1314 620 1374 Non
657 1305 788 1365 possim
849 1306 970 1366 dubio
1017 1314 1196 1374 tristis
1233 1327 1376 1387 anore
1413 1337 1544 1397 fei¬

477 1400 550 1460 ier
576 1389 687 1449 sinis
723 1384 759 1444 vt
808 1384 919 1444 luctu
969 1390 1140 1450 dilertae
1165 1401 1287 1461 tempa
1324 1410 1423 1470 lucis

536 1463 637 1523 Cur
662 1460 763 1520 sinis
802 1460 852 1520 vt
891 1464 1105 1524 lantrgmis
1143 1476 1295 1536 tempa
1333 1488 1459 1548 noctis
1498 1498 1586 1558 agam

456 1541 564 1601 Non
602 1535 730 1595 etenum
789 1534 925 1594 someno
975 1542 1151 1602 veniat
1208 1554 1268 1614 mo
1306 1566 1463 1626 somunus
1482 1583 1668 1643 inanis)

505 1617 661 1677 Senro
693 1609 816 1669 possum
883 1614 994 1674 norte
1039 1624 1182 1684 silente
1227 1633 1348 1693 frui¬

583 1661 650 1721 etem
453 1700 590 1760 Depeq
617 1690 659 1750 in
699 1686 849 1746 nuostras
876 1688 1001 1748 orlos
1041 1696 1150 1756 vaga
1191 1706 1327 1766 teret
1369 1718 1559 1778 innago.

509 1765 624 1825 Saepe
654 1762 728 1822 nea
779 1764 935 1824 mentem
998 1774 1133 1834 tristia
1184 1786 1331 1846 spertra
1372 1796 1527 1856 monent

454 1837 537 1897 Ant
565 1832 630 1892 vbi
667 1832 788 1892 (quod
816 1835 936 1895 capio)
955 1842 1112 1902 wanam
1159 1854 1318 1914 mentita
1373 1864 1531 1924 figuram

505 1914 632 1974 Qux
673 1909 705 1969 te
736 1909 893 1969 presentat
946 1914 1083 1974 nosctis
1124 1923 1261 1983 imago
1302 1931 1418 1991 vonit

452 1992 685 2052 Blandala
722 1987 760 2047 te
784 1987 919 2047 excipio
969 1992 1239 2052 simulataque
1253 2001 1400 2061 pandia
1436 2009 1547 2069 firnge

498 2074 576 2134 &ampt
618 2067 767 2127 Iudent
817 2068 965 2128 aninui
1015 2075 1170 2135 Iudicra
1241 2082 1361 2142 vana
1404 2083 1559 2143 menn.
