2000 2581
586 154 804 214 Versicolores
844 148 943 208 cadit
983 148 1103 208 tristi
1112 149 1152 209 de
1182 150 1311 210 corpore
1351 153 1470 213 vestis

607 227 812 287 turpurens
838 220 958 280 nusque
974 218 1111 278 fulget
1154 218 1188 278 in
1222 219 1316 279 vrbe
1350 224 1478 284 color.

558 302 660 362 Nen
699 297 816 357 modo
847 292 1004 352 dilectis
1052 289 1145 349 cura
1176 289 1239 349 est
1271 289 1474 349 placuisse
1497 295 1662 355 maritis

614 371 706 431 Nec
742 362 799 422 imo
835 356 978 416 solicitae
1006 355 1156 415 sondida
1199 357 1370 417 membra
1406 356 1534 416 lacant

566 445 705 505 Nulla
743 430 808 490 &amp;
823 424 1030 484 mornates
1066 425 1250 485 disternit
1301 429 1383 489 eura
1427 432 1588 492 capillos

610 513 707 573 Non
751 496 930 556 Acabum
982 493 1101 553 tenexx
1145 496 1272 556 corpus
1317 500 1428 560 odore
1458 503 1577 563 intet¬

562 590 642 650 Ded
684 579 744 639 pia
795 568 966 628 deiectae
986 566 1198 626 tendentes
1239 571 1410 631 bractia
1460 576 1581 636 coelo.

599 656 660 716 Ad
702 641 920 701 Domicum
993 634 1201 694 fundunt
1242 637 1357 697 corde
1388 643 1533 703 dolente
1574 652 1668 712 persi

572 727 691 787 sotus
720 710 849 770 vbigst
879 702 958 762 mnit
1009 701 1186 761 populusg
1246 709 1424 769 moresque
1455 720 1642 780 reformat

637 797 902 857 Corcuptos,
922 783 1028 843 pellit
1071 780 1209 840 crimen
1261 781 1367 841 vbigs
1399 786 1548 846 procul¬

570 878 675 938 Non
708 865 750 925 in
793 857 857 917 ver
878 851 994 911 soliti
1026 848 1185 908 fuerant
1227 851 1355 911 idola
1408 863 1620 923 frequtant

625 936 805 996 Impia,
824 926 890 986 nec
937 921 1060 981 turpes
1098 922 1316 982 impietate
1344 933 1466 993 lores.

574 1016 724 1076 Nulla
766 1002 840 1062 diis
873 996 1044 1056 redolent
1075 995 1225 1055 alienis
1268 999 1397 1059 thura
1439 1005 1567 1065 Sabaea

612 1090 684 1150 Sed
728 1078 818 1138 Duo
854 1071 944 1131 raeli
980 1067 1115 1127 debita
1169 1069 1267 1129 vota
1313 1074 1456 1134 vonent

564 1156 749 1216 suppindr
769 1142 862 1202 hand
893 1136 996 1196 vllus
1027 1134 1130 1194 nune
1161 1135 1244 1195 tota
1274 1138 1408 1198 audite
1449 1143 1480 1203 in
1522 1148 1614 1208 vrbe

637 1223 723 1283 Der
755 1212 820 1272 qun
863 1205 1090 1265 Grangetico
1145 1207 1295 1267 victor
1317 1213 1360 1273 ab
1404 1217 1480 1277 orbe
1522 1222 1609 1282 fuit

562 1293 716 1353 Nulla
770 1282 970 1342 Minerua
1016 1279 1171 1339 sonat,
1194 1279 1326 1339 nueis
1364 1281 1426 1341 non
1472 1286 1557 1346 limo
1603 1296 1750 1356 lacertis

1278 1315 1330 1375 non
1364 1321 1522 1381 mexerita
613 1366 729 1426 Non
767 1356 936 1416 Mars,
960 1353 1036 1413 non
1083 1353 1206 1413 vallas
1282 1357 1390 1417 nulta
1437 1363 1575 1423 puntia
1621 1370 1767 1430 demns.

570 1440 702 1500 Impia
735 1433 779 1493 se
812 1429 901 1489 caeli
933 1427 1021 1487 Dno
1065 1427 1219 1487 delicta
1275 1429 1429 1489 fatere

626 1510 840 1570 Nenrostunt
879 1501 1015 1561 poenas
1055 1501 1093 1561 se
1132 1501 1307 1561 meruisse
1336 1502 1462 1562 graues

553 1597 674 1657 Atat
703 1588 814 1648 orant
854 1579 1004 1639 veniam
1045 1576 1175 1636 factis
1235 1577 1436 1637 vitamque
1465 1583 1586 1643 suetam

631 1664 830 1724 Nbycinnt
891 1654 1004 1714 vitae
1047 1652 1177 1712 forma
1229 1654 1377 1714 prioris
1411 1662 1515 1722 abest

513 1754 674 1814 Interia
704 1736 836 1796 tristi
865 1729 939 1789 dum
982 1725 1100 1785 talia
1130 1724 1174 1784 in
1203 1724 1305 1784 vnte
1322 1726 1453 1786 gerunt
1468 1728 1528 1788 e.

623 1821 738 1881 Cum
779 1808 915 1868 genitu
967 1800 1218 1860 Machepris
1260 1800 1406 1860 maeria
1438 1803 1520 1863 tota
1552 1807 1688 1867 sorant

550 1895 752 1955 Afflictos
790 1884 896 1944 sentit
952 1878 1116 1938 contrito
1164 1876 1327 1936 pertore
1365 1878 1490 1938 cines

628 1970 756 2030 Ein
799 1959 968 2019 Ninens
1022 1951 1138 2011 caro
1182 1949 1309 2009 fortia
1361 1950 1479 2010 septra
1511 1958 1606 2018 gerit

548 2049 626 2109 Et
671 2046 751 2106 quit
785 2042 927 2102 maesti
962 2038 1005 2098 que
1024 2036 1094 2096 nam
1147 2034 1199 2094 sit
1253 2033 1376 2093 causa
1421 2033 1561 2093 doloris

618 2130 685 2190 Et
732 2126 769 2186 sd
807 2121 874 2181 sua
921 2116 1024 2176 mens
1072 2110 1242 2170 aliquid
1280 2108 1422 2168 credit
1459 2112 1602 2172 adesse
1630 2122 1752 2182 mali¬
