2000 2581
841 168 944 228 AO
985 164 1114 224 528

454 243 568 303 Quid
602 238 700 298 genis
733 237 906 297 infaelix,
923 237 996 297 ant
1045 239 1128 299 quid
1160 239 1218 299 tna
1251 238 1349 298 corda
1383 234 1513 294 dolove.

514 315 710 375 Exceurias
788 306 886 366 Aleta
927 305 984 365 cur
1019 305 1068 365 tua
1117 307 1243 367 forma
1285 309 1376 369 perit

447 400 515 460 An
549 389 626 449 quia
651 383 711 443 non
753 379 865 439 praesens
898 379 950 439 ego
984 379 1103 439 sum,
1129 380 1163 440 In
1189 382 1274 442 semp
1308 382 1393 442 man

527 459 654 519 Luctu
697 452 761 512 vel
790 449 989 509 lacirgmis
1031 450 1195 510 tempora
1244 453 1380 513 maesta
1408 456 1522 516 teres.

502 542 632 602 oncipe
658 533 675 593 3
701 529 753 589 tem
796 523 900 583 litam
952 520 1082 580 melior
1124 521 1280 581 fortimna
1332 525 1471 585 redibit

530 612 619 672 Non
648 603 709 663 tibi
738 596 821 656 quem
873 590 1015 650 timeas
1067 589 1164 649 rorde
1194 591 1321 651 vigente
1351 595 1411 655 vir
1433 597 1485 657 est

475 689 595 749 Quid
636 675 765 735 metuis
805 669 853 729 ne
893 668 934 728 sim
998 668 1119 728 minis
1159 670 1191 730 in
1232 673 1296 733 tua
1336 678 1497 738 crimina
1533 685 1646 745 derns

528 755 639 815 Nene
670 746 726 806 tibi
757 741 891 801 miserae
922 740 1143 800 condoluisse
1183 742 1341 802 velim.

466 837 529 897 At
566 827 666 887 segus
712 817 794 877 quae
830 813 875 873 sit
912 811 1012 871 noni
1049 812 1294 872 impatientia
1340 818 1467 878 vestri

536 909 640 969 Cum
687 896 753 956 non
791 889 857 949 quae
885 886 1007 946 rapitis
1046 885 1187 945 muncta
1235 891 1366 951 venire
1394 898 1498 958 solent

498 984 562 1044 die
593 975 637 1035 eo
669 968 733 1028 eit
766 961 872 1021 mens
916 958 969 1018 est
1012 958 1183 1018 maior,
1206 961 1248 1021 in
1291 965 1431 1025 corpra
1473 970 1591 1030 firma

536 1050 630 1110 Qeg
672 1034 852 1094 dominus
896 1028 998 1088 iussit
1050 1030 1195 1090 cuncta
1256 1035 1350 1095 pida
1384 1038 1478 1098 tali¬

483 1122 572 1182 Non
611 1111 727 1171 tamen
772 1105 823 1165 hoc
862 1102 978 1162 decuit
1029 1102 1222 1162 coniux,
1242 1103 1313 1163 non
1357 1105 1428 1165 ipsa
1473 1107 1653 1167 paternes

550 1188 623 1248 Ne
650 1178 723 1238 sine
759 1173 903 1233 debebas
958 1173 1131 1233 reppecisse
1167 1175 1302 1235 lares.

1168 1207 1273 1267 prussa
495 1269 570 1329 Vix
603 1256 728 1316 etenim
787 1248 912 1308 primo
954 1246 1087 1306 fueras
1129 1248 1305 1308 fotd
1355 1251 1472 1311 dolore

551 1335 637 1395 cium
702 1322 838 1382 ceridit
882 1320 1005 1380 pertus
1054 1322 1163 1382 molle
1191 1324 1321 1384 labore
1350 1324 1480 1384 tuum.

488 1405 722 1465 Nurmura
762 1397 835 1457 tum
915 1395 1004 1455 sensi
1036 1396 1108 1456 non
1157 1398 1293 1458 qualia
1334 1401 1446 1461 nupta
1495 1406 1616 1466 pudica

539 1476 678 1536 Assolet
724 1466 751 1526 in
789 1464 956 1524 sponsum
1021 1465 1132 1525 ferre
1179 1467 1346 1527 proterua
1393 1467 1522 1527 suum.

487 1558 561 1618 Ati
580 1544 710 1604 quoties
737 1535 821 1595 muis
867 1533 1033 1593 rereeata
1089 1536 1127 1596 es
1173 1539 1322 1599 pertora
1367 1541 1461 1601 vert
1549 1544 1669 1604 distis

545 1621 642 1681 Sepe
671 1609 729 1669 ego
768 1600 933 1660 nequiqi
973 1599 1080 1659 tatia
1128 1602 1206 1662 vba
1254 1607 1382 1667 dedi¬

480 1700 658 1760 Septora
705 1685 788 1745 quid
836 1680 943 1740 liges
991 1679 1086 1739 quid
1133 1681 1241 1741 imam
1299 1684 1419 1744 corda
1454 1688 1574 1748 dolore

555 1764 749 1824 conteris
788 1756 827 1816 en
865 1751 997 1811 luctus
1043 1748 1106 1808 iam
1160 1748 1253 1808 prope
1291 1751 1385 1811 finis
1423 1757 1540 1817 adest

508 1841 699 1901 Maxima
740 1828 938 1888 viristi,
955 1825 1030 1885 nec
1071 1825 1138 1885 iam
1204 1826 1237 1886 ti
1270 1828 1402 1888 multa
1444 1833 1585 1893 supeunt

534 1916 598 1976 Fac
637 1908 716 1968 proe
749 1902 804 1962 lec
844 1898 979 1958 animo
1026 1897 1114 1957 num
1185 1902 1368 1962 patiente
1400 1913 1528 1973 feras.

505 1993 617 2053 Talia
678 1981 768 2041 (nes
805 1974 926 2034 dubito
956 1973 1046 2033 quin
1091 1973 1152 2033 me
1181 1976 1340 2036 fatiare
1369 1983 1512 2043 locutum
1551 1989 1564 2049 1

559 2063 709 2123 Sepius
748 2054 889 2114 afflicto
939 2052 1088 2112 putore
1129 2054 1249 2114 dicta
1289 2057 1448 2117 dabam.

491 2144 571 2204 Ast
601 2137 659 2197 vbi
695 2130 834 2190 maius
870 2125 965 2185 onns
1015 2123 1183 2183 rescit,
1198 2123 1270 2183 cum
1322 2124 1453 2184 deptra
1496 2126 1649 2186 tonatis
