2000 2581
872 151 966 211 RE
1012 148 1227 208 Breca

476 221 560 281 San
608 216 656 276 ego
692 214 734 274 ren
770 211 884 271 viduo
920 209 1022 269 iami
1058 208 1160 268 male
1202 206 1286 266 sona
1328 203 1442 263 cubili

581 257 723 317 Tustis
755 253 792 313 et
818 251 844 311 in
871 247 982 307 cuvat
1024 241 1188 301 officiosa
736 280 931 340 ts
977 277 1322 337 defutioneas
559 287 589 347 e

477 354 591 414 Srissa
626 347 767 407 genas,
784 343 959 403 laniata
1003 342 1108 402 caput
1178 343 1326 403 dispersa
1362 344 1502 404 capillos

532 415 640 475 Veque
666 407 766 467 eines
808 403 983 463 lacterur
1041 403 1108 463 sole
1141 406 1326 466 madente
1358 407 1492 467 flunt

492 485 579 545 Cum
618 476 724 536 vigilo
764 470 889 530 nostra
927 469 1064 529 menti
1083 470 1151 530 tua
1199 473 1334 533 prodit
1373 476 1528 536 imaxo¬

524 550 556 610 In
597 542 737 602 sonnis
778 538 893 598 endem
950 537 1081 597 noctis
1114 539 1245 599 imago
1278 541 1393 601 venit

480 623 615 683 Sicqi
645 613 693 673 ego
722 606 937 666 rarminoro
975 605 1062 665 vixi
1092 607 1257 667 distorta
1306 612 1422 672 dolore

533 687 623 747 Dum
669 676 787 736 semel
822 670 1004 730 inceptum
1067 671 1194 731 Luna
1230 674 1339 734 pegit
1365 677 1402 737 it

490 757 626 817 Nestio
662 747 708 807 quod
726 741 852 801 homini
889 737 1043 797 Species
1078 737 1197 797 solata
1241 743 1387 803 dolores

534 819 726 879 Erpulit,
735 809 784 869 &amp;
803 806 927 866 luctus
965 804 1128 864 fustutit
1167 807 1263 867 vnde
1291 812 1387 872 meat
1425 817 1521 877 fecit
1560 822 1626 882 lre
1656 825 1818 885 modum.

492 890 643 950 Nempe
676 878 752 938 leni
785 874 885 934 iaceo
919 874 986 934 dum
1045 876 1171 936 lagens
1212 879 1321 939 victa
1363 882 1472 942 sopore

531 954 591 1014 En
629 947 683 1007 tua
743 941 903 1001 sollicitae
941 940 1062 1000 prodit
1100 943 1236 1003 imapo
1266 947 1395 1007 mihi¬

488 1032 595 1092 Atqui
618 1020 701 1080 taum
761 1011 880 1071 video
915 1011 1105 1071 rerubanus
1140 1015 1177 1075 in
1200 1020 1343 1080 respite
1367 1029 1520 1089 corpus¬

532 1097 592 1157 En
636 1088 687 1148 de
713 1085 747 1145 te
791 1084 912 1144 xami
955 1086 1101 1146 sudera
1154 1092 1266 1152 suma
1309 1094 1438 1154 petunt

1398 1141 1526 1201 ramot
493 1165 549 1225 Et
581 1159 650 1219 iam
707 1155 757 1215 bis
796 1153 896 1213 seinnes
947 1154 1035 1214 vno
1073 1156 1111 1216 de
1155 1162 1351 1222 pernune
1395 1172 1515 1232 natas

537 1222 726 1282 Cernoff,
745 1218 786 1278 st
816 1218 885 1278 lis
915 1221 1084 1281 murtis
1124 1229 1243 1289 stirps
1274 1235 1393 1295 quoque
1403 1240 1482 1300 leta
1523 1244 1621 1304 fuit.

485 1302 533 1362 Si
560 1296 596 1356 tn
630 1291 685 1351 les
720 1287 803 1347 ind
837 1288 988 1348 medius
1037 1295 1223 1355 tendobat
1271 1300 1299 1360 in
1348 1303 1465 1363 altum

538 1359 711 1419 Dixisses
754 1350 851 1410 illum
913 1351 1053 1411 memen
1101 1356 1248 1416 habere
1282 1362 1435 1422 graue¬

390 1437 447 1497 Din
486 1434 548 1494 It
588 1425 650 1485 iam
713 1417 949 1477 stepteiferos
1000 1419 1186 1479 generoso
1207 1423 1237 1483 in
1279 1427 1413 1487 stipite
1443 1432 1546 1492 reges

566 1494 705 1554 Crestat
734 1488 775 1548 amp;
792 1486 943 1546 eximios
984 1487 1077 1547 tollit
1117 1489 1146 1549 in
1193 1491 1303 1551 astra
1349 1496 1488 1556 Duces.

491 1569 620 1629 tallor
656 1560 698 1620 an
734 1556 768 1616 in
812 1553 924 1613 sumo
967 1554 1142 1614 fulgebat
1184 1558 1358 1618 permine
1392 1565 1540 1625 quidam

545 1628 746 1688 Promissae
777 1619 948 1679 quondam
997 1619 1098 1679 dona
1139 1622 1290 1682 salutis
1320 1630 1510 1690 habens.

490 1708 659 1768 Nempe
691 1693 775 1753 puer
818 1687 924 1747 fuma
978 1686 1189 1746 radiabat
1232 1690 1263 1750 in
1307 1697 1443 1757 artore
1476 1705 1603 1765 clarus

546 1770 692 1830 Quem
741 1759 810 1819 vix
858 1755 957 1815 tunc
995 1754 1092 1814 orili
1132 1760 1376 1820 sustinnere
1406 1769 1513 1829 mei¬

507 1850 608 1910 Talis
638 1843 679 1903 ab
709 1835 831 1895 illius
872 1826 1126 1886 splendebat
1177 1828 1349 1888 lumine
1389 1842 1562 1902 fulgor.

565 1911 741 1971 Qualem
808 1898 1001 1958 surgentis
1052 1896 1218 1956 linina
1269 1902 1361 1962 Solis
1394 1912 1537 1972 habent

500 1994 572 2054 Et
603 1983 685 2043 pede
737 1971 923 2031 serpentem
985 1968 1110 2028 ratrat
1160 1969 1233 2029 qui
1253 1973 1367 2033 dente
1408 1981 1553 2041 retorta

540 2060 575 2120 In
619 2049 732 2109 pueri
759 2041 889 2101 spirat
950 2039 1082 2099 nigra
1126 2040 1283 2100 venena
1334 2046 1493 2106 pedem.

506 2123 611 2183 Tunc
651 2115 780 2175 veluti
812 2109 949 2169 rubeqe
965 2108 1078 2168 muno
1135 2108 1215 2168 fos
1263 2112 1383 2172 sectus
1416 2119 1553 2179 aratro
