2000 2581
506 141 555 201 Et
592 138 690 198 modo
728 137 899 197 diduiens
937 137 1060 197 vestes
1096 138 1151 198 sua
1189 138 1330 198 pectora
1367 139 1576 199 monstiat

515 196 768 256 candida,
796 191 831 251 et
859 191 972 251 forte
1014 192 1133 252 oculos
1176 194 1266 254 possit
1302 196 1330 256 si
1344 197 1470 257 ledere
1491 196 1646 256 amati¬

515 263 598 323 Non
630 256 656 316 in
688 253 746 313 hic
771 251 977 311 lactergnis
1022 253 1105 313 vllis
1144 256 1368 316 precibusne
1400 257 1573 317 menitur.

516 323 595 383 Nec
626 315 737 375 stetit
773 309 1001 369 inconstant
1044 310 1179 370 animo
1222 315 1412 375 sententia
1449 320 1566 380 resti¬

521 382 701 442 Auertita
742 372 857 432 oculos
899 370 940 430 ne
981 369 1112 429 mollia
1162 371 1318 431 pectora
1351 377 1490 437 rernat

516 443 668 503 Quoque
685 435 811 495 tragis
845 430 1014 490 inuenis
1047 430 1165 490 male
1199 431 1283 491 sano
1316 436 1460 496 pugnat
1502 444 1637 504 amore

524 510 595 570 Hor
630 501 763 561 magis
798 495 861 555 hec
896 493 1038 553 instat
1073 494 1206 554 minsera
1233 497 1287 557 &amp;
1304 498 1366 558 non
1411 503 1490 563 repta
1525 508 1685 568 reinqt.

504 573 553 633 Et
589 565 696 625 rogat
732 561 760 621 et
789 559 931 619 plorat
975 558 1153 618 demeris
1210 562 1410 622 pnissaqe
1424 566 1559 626 iactat

529 628 777 688 selendida,
787 620 897 680 rerta
943 621 1063 681 animi
1099 624 1210 684 munq
1266 627 1293 687 se
1320 629 1449 689 redere
1478 631 1569 691 velle

538 694 652 754 2umn
696 684 803 744 prius
840 681 1012 741 insamum
1055 683 1163 743 possit
1206 689 1399 749 tomplere
1435 696 1579 756 furorem

526 760 576 820 Sed
611 747 822 807 constans
855 742 981 802 dnini
1016 745 1192 805 inuenis
1227 752 1395 812 fortisque
1421 758 1572 818 resistit

525 817 619 877 Non
652 810 754 870 illum
810 806 1016 866 larregme
1047 808 1182 868 molles
1229 814 1340 874 queet
1371 820 1419 880 no
1451 823 1530 883 xta
1562 832 1784 892 monibant.

510 885 557 945 At
591 875 740 935 mulier
780 869 908 929 nullis
948 870 1084 930 pribus
1125 874 1199 934 sua
1239 878 1361 938 corda
1401 880 1543 940 inouca

523 935 848 995 conspiciens,
861 934 1011 994 animo
1050 936 1121 996 non
1167 939 1284 999 saenas
1323 943 1447 1003 gtinet
1485 946 1576 1006 ivas

520 999 692 1059 Intenat
738 994 975 1054 horvendum
1038 996 1167 1056 inuem
1250 1002 1468 1062 multuma
1507 1009 1692 1069 minatur.

531 1065 616 1125 Non
644 1062 673 1122 in
701 1060 751 1120 ira
779 1057 864 1117 valet
893 1055 1078 1115 generosum
1128 1055 1305 1115 frangere
1333 1060 1447 1120 pectut

526 1132 591 1192 Sed
624 1127 747 1187 veluti
772 1121 920 1181 scopulus
953 1118 1060 1178 duvus
1093 1117 1166 1177 quem
1216 1117 1331 1177 littore
1365 1122 1512 1182 stantem

526 1190 739 1250 Impellunt
779 1183 898 1243 varii
914 1180 1064 1240 Auctus
1104 1179 1184 1239 atque
1207 1179 1358 1239 aquoris
1389 1179 1500 1239 vnde

523 1251 730 1311 Insultunt
766 1247 980 1307 strepitu,
1002 1244 1045 1304 sed
1088 1243 1152 1303 non
1195 1240 1374 1300 depellere
1402 1237 1552 1297 fluctus

526 1313 770 1373 Constantem
823 1305 1016 1365 possunt,
1023 1302 1201 1362 resonant
1231 1300 1328 1360 vnde
1357 1297 1521 1357 reboanta

533 1372 775 1432 mensum,
791 1367 939 1427 sanitus
973 1364 1027 1424 ast
1060 1363 1110 1423 hic
1143 1360 1362 1420 contemuit
1395 1357 1565 1417 inames¬

523 1443 632 1503 tand
669 1433 742 1493 alit
785 1425 944 1485 inuenis
987 1422 1194 1482 muliebria
1237 1422 1420 1482 temnere
1451 1421 1554 1481 dicta

521 1509 589 1569 dae
617 1499 782 1559 tergebat
823 1490 975 1550 fortis,
989 1486 1057 1546 non
1092 1484 1147 1544 hic
1174 1481 1422 1541 lactreginisne
1457 1480 1621 1540 minisus

534 1563 619 1623 Mllis
651 1559 813 1619 terrete,
829 1555 867 1615 sed
915 1551 1008 1611 semp
1039 1546 1171 1606 praetitit
1210 1542 1326 1602 idem.

520 1629 597 1689 Hec
640 1623 710 1683 vbi
738 1616 944 1676 conspexit
986 1609 1135 1669 muliae
1178 1606 1340 1666 cenussa
1375 1607 1496 1667 furore

467 1688 557 1748 Non
595 1682 725 1742 tamen
770 1676 922 1736 effugies
969 1671 1166 1731 (inquit)
1189 1669 1257 1729 non
1296 1669 1424 1729 impte
1455 1670 1591 1730 frustra

527 1746 689 1806 tantum
741 1736 880 1796 oratus
909 1732 1019 1792 evis,
1042 1732 1123 1792 quin
1157 1732 1279 1792 iustis
1314 1734 1470 1794 viribus
1504 1736 1614 1796 vtar.

522 1808 644 1868 Dixit
676 1800 714 1860 et
740 1794 913 1854 muitum
971 1790 1196 1850 amplexens
1241 1792 1312 1852 mox
1357 1795 1460 1855 ostula
1499 1799 1582 1859 figit

522 1868 609 1928 Atque
618 1860 706 1920 onus
741 1851 934 1911 inquatum
978 1850 1118 1910 niueqe
1127 1851 1267 1911 reriure
1302 1857 1487 1917 pependit

510 1924 753 1984 Luctareque
770 1912 851 1972 puer
878 1908 1094 1968 multum,
1111 1909 1264 1969 fortisque
1282 1911 1497 1971 repugnat.

509 1995 576 2055 Ulla
621 1980 733 2040 tendi
763 1973 868 2033 autem
921 1970 1039 2030 pueri
1077 1970 1107 2030 in
1144 1973 1421 2033 complexibus
1443 1977 1585 2037 haret.

527 2054 587 2114 Vtq
630 2042 760 2102 hedera
803 2033 950 2093 wietes
976 2031 1140 2091 stringit
1184 2032 1252 2092 vel
1288 2035 1451 2095 qerubus
1487 2039 1572 2099 altis

524 2111 712 2171 Adiacet,
737 2103 771 2163 et
806 2098 925 2158 nodis
959 2095 1104 2155 varijs
1129 2095 1163 2155 se
1190 2096 1317 2156 cingit
1351 2099 1377 2159 in
1411 2104 1573 2164 ortem.

528 2176 584 2236 Sit
620 2168 767 2228 inuenis
802 2161 928 2221 corpus
971 2159 1076 2219 totum
1132 2159 1244 2219 mala
1286 2163 1448 2223 faemina
1490 2170 1609 2230 ringit
