2000 2581
293 197 402 257 Que
433 192 581 252 mala,
597 190 706 250 quine
737 188 854 248 metus
885 186 931 246 ap;
955 185 1087 245 quanta
1142 183 1298 243 perirula
1336 180 1429 240 vitae

354 267 398 327 Si
423 262 492 322 tibi
530 257 581 317 me
618 252 756 312 tadam
832 250 920 310 sunt
964 250 1109 310 oritura
1153 249 1229 309 mea

303 326 412 386 Num
464 320 580 380 redis
624 317 762 377 nullum
828 316 981 376 nostros
1017 316 1061 376 que
1076 317 1207 377 sentiat
1236 319 1331 379 iones

346 386 522 446 Affore?
555 380 622 440 non
665 377 857 437 stultus,
874 377 984 437 cede
1008 380 1184 440 maritus
1218 386 1360 446 adest.

323 450 436 510 Quid
461 443 557 503 mihi
583 437 826 497 continget,
836 437 905 497 tua
949 438 983 498 si
1009 440 1096 500 nun
1148 447 1235 507 iussa
1270 457 1461 517 rapessam:

358 512 434 572 Hei
454 507 490 567 in
551 501 621 561 non
662 498 780 558 lonoa
821 498 891 558 lree
932 500 1022 560 vita
1084 508 1216 568 futura
1257 515 1313 575 imi
1333 520 1382 580 est

307 581 359 641 An
394 572 518 632 nostra
561 563 711 623 poteris
755 560 791 620 In
826 560 967 620 causam
1028 565 1169 625 mortis
1204 576 1354 636 habere

361 640 410 700 An
451 634 530 694 quod
570 628 680 688 annas
729 624 859 684 paritd
900 625 1069 685 perdere
1109 631 1198 691 sona
1239 640 1367 700 iupiss

298 703 416 763 Quid
456 696 575 756 faciam
630 695 749 755 tantis
788 696 963 756 confectus
1002 701 1137 761 casibus
1176 706 1264 766 exul

355 770 445 830 Hei
471 759 643 819 quando
678 757 787 817 finem
849 758 931 818 fata
966 764 1128 824 minuira
1173 772 1326 832 dabunt

312 835 350 895 di
373 830 474 890 miser
513 825 630 885 insang
691 822 800 882 (quod
838 823 931 883 vult
971 826 1125 886 corcupta
1164 839 1342 899 voluntas

353 893 536 953 Sascipiam
592 888 684 948 leges
729 887 850 947 tuepia
895 889 1006 949 furta
1051 897 1244 957 sequens.

301 962 372 1022 Ne
411 956 499 1016 Deus
546 953 799 1013 omnipotens
846 955 956 1015 muls
973 960 1083 1020 tanti
1106 969 1280 1029 crimina
1320 986 1446 1046 doxtra

352 1030 486 1090 Perdet
519 1022 562 1082 et
604 1018 772 1078 exposset
830 1019 1015 1079 tormina
1066 1027 1142 1087 lesa
1192 1038 1336 1098 fides.

527 1051 588 1111 wo
298 1098 375 1158 die
413 1089 489 1149 nego
527 1084 585 1144 ve
623 1082 814 1142 instrum
872 1088 1102 1148 muliebria
1159 1105 1312 1165 pectora
1342 1117 1446 1177 terra

353 1156 492 1216 Nestia
533 1146 738 1206 vindicte
786 1149 934 1209 ponere
975 1156 1090 1216 corda
1139 1167 1286 1227 modum

287 1218 409 1278 Quid
451 1211 573 1271 faciam
631 1210 775 1270 dubito.
810 1212 918 1272 Male
955 1217 1040 1277 sane
1069 1224 1206 1284 pandia
1248 1235 1370 1295 menis

349 1276 586 1336 Alliciunt.
604 1271 769 1331 Domini
805 1276 988 1336 Spivitus
1024 1282 1088 1342 illa
1134 1285 1242 1345 negat

301 1348 417 1408 Quid
469 1339 585 1399 dubito
636 1338 804 1398 domine
848 1341 987 1401 malim
1045 1346 1082 1406 qu
1125 1351 1183 1411 esse
1212 1356 1351 1416 rebellis

358 1407 493 1467 Quam
544 1402 670 1462 rigida
720 1403 872 1463 altisomi
905 1410 1124 1470 etimmisse
1157 1423 1351 1483 manum.

296 1472 454 1532 Diene
496 1467 585 1527 Deus
633 1468 764 1528 voluit
805 1471 854 1531 ne
895 1475 937 1535 sit
985 1479 1061 1539 mea
1102 1485 1184 1545 vita
1225 1491 1363 1551 dolovib

347 1530 498 1590 Expers
566 1529 619 1589 ne
649 1532 770 1592 liceat
815 1535 830 1595 5
853 1537 891 1597 pe
929 1543 1095 1603 meliore
1132 1551 1254 1611 feui¬

295 1605 355 1665 An
395 1596 496 1656 semu
536 1592 647 1652 nobis
696 1595 898 1655 aduersis
948 1609 1160 1669 fluctibus
1190 1621 1269 1681 ista

363 1659 573 1719 Nanfraga
619 1657 647 1717 in
692 1657 848 1717 aduerso
885 1665 1059 1725 Amnine
1104 1677 1223 1737 puppis
1260 1687 1325 1747 erit
1408 1733 1415 1793 5

303 1728 415 1788 Num
467 1724 553 1784 semp
596 1724 768 1784 venient
812 1725 855 1785 quae
872 1728 933 1788 nos
975 1732 1062 1792 fine
1096 1738 1174 1798 fine
1208 1749 1380 1809 fatigent

355 1794 372 1854 D
425 1791 529 1851 Dens
563 1789 607 1849 ad
650 1790 745 1850 casus
806 1793 953 1853 respire
988 1797 1058 1857 quaeso
1092 1802 1221 1862 meos.

307 1865 452 1925 barnus
502 1859 599 1919 eram
657 1857 665 1917 a
714 1857 844 1917 patria
893 1861 1023 1921 pronut
1048 1866 1112 1926 has
1153 1870 1186 1930 vt
1219 1877 1324 1937 vedor
1357 1883 1382 1943 in
1406 1889 1487 1949 eras

346 1932 409 1992 Et
449 1927 600 1987 sccleris
648 1925 767 1985 tanti
806 1927 981 1987 nomina
1044 1934 1180 1994 frater
1203 1942 1314 2002 habet

317 2006 453 2066 Prima
496 1997 524 2057 to
574 1993 725 2053 melior
775 1994 897 2054 venit
947 1997 991 2057 mn
1040 2000 1134 2060 mia
1177 2006 1320 2066 doloris

364 2070 454 2130 Cum
521 2064 629 2124 talem
695 2063 868 2123 domini
935 2065 1059 2125 Parra
1108 2071 1208 2131 sica
1249 2078 1364 2138 dedit
