2000 2581
574 127 728 187 Quid
766 120 853 180 mea
892 116 1026 176 comoto
1056 114 1103 174 sic
1122 113 1248 173 culpas
1286 109 1422 169 pertore
1450 104 1518 164 Jona

652 190 792 250 Iudicia
857 184 899 244 an
932 182 1039 242 iusti
1063 180 1162 240 causa
1203 179 1336 239 doloris
1368 178 1476 238 adest

577 274 676 334 Cur
714 260 860 320 reduces
896 252 997 312 pradam
1071 247 1153 307 qui
1180 246 1244 306 non
1281 245 1354 305 sine
1382 246 1537 306 munure
1564 250 1692 310 sancto

669 335 848 395 Amissos
883 322 1008 382 mores
1052 318 1293 378 restimisse
1320 319 1490 379 Student

576 418 673 478 Atis
702 407 770 467 vbi
808 395 1022 455 comormit
1060 387 1226 447 vatem,
1245 387 1323 447 mox
1371 390 1498 450 altera
1536 397 1672 457 vursum

652 483 788 543 Signa
833 470 960 530 parat
996 464 1159 524 vividum
1214 462 1313 522 quiis
1359 464 1513 524 domisse
1549 469 1650 529 gat.

609 559 668 619 Vt
708 550 849 610 distat
890 542 965 602 dum
1030 534 1237 594 ttementem
1303 533 1427 593 pradere
1468 536 1567 596 nolle

661 626 809 686 Qui
848 614 907 674 sua
938 610 1007 670 non
1046 608 1134 668 duvo
1174 608 1322 668 pertore
1362 610 1451 670 iussa
1490 612 1608 672 colant

501 711 574 771 L.
595 708 605 768 E
638 704 669 764 E.
680 701 732 761 E;
753 694 880 754 nonum
923 688 1038 748 subito
1070 684 1260 744 consurgit
1301 683 1428 743 stipite
1459 687 1607 747 germen

643 780 722 840 Lo
769 772 863 832 vati
887 768 966 828 fesso
1005 763 1122 823 crestit
1178 760 1233 820 vt
1264 759 1414 819 vnmora
1452 759 1516 819 siet

236 830 411 890 Tumirs
441 823 495 883 de¬
280 878 387 938 scuptio
574 861 716 921 Dicere
749 849 849 909 quod
883 841 991 901 possis
1024 834 1233 894 hedam,
1249 832 1299 892 sed
1349 833 1515 893 firmior
1549 835 1607 895 illi

655 930 835 990 Caules
871 920 935 980 &amp;
962 914 1070 974 foliis
1097 908 1214 968 latior
1250 906 1403 966 vmbra
1439 910 1566 970 cadit

600 1004 703 1064 Illico
744 997 836 1057 quod
877 988 1032 1048 crestens
1063 981 1176 1041 capiti
1206 979 1340 1039 riverum
1371 981 1463 1041 date
1495 986 1576 1046 alto

649 1082 724 1142 Ne
770 1071 872 1131 possit
910 1061 1060 1121 vapidi
1115 1055 1228 1115 Dolis
1265 1054 1387 1114 obesse
1414 1057 1535 1117 eor.

584 1159 705 1219 Mine
752 1145 849 1205 vegs
886 1136 1018 1196 vmbra
1054 1132 1126 1192 iam
1176 1132 1271 1192 delis
1296 1135 1381 1195 tate
1428 1145 1548 1205 sonas

652 1225 712 1285 Et
747 1218 842 1278 miri
878 1211 997 1271 forma
1045 1209 1247 1269 germinis
1272 1211 1343 1271 ves
1390 1217 1510 1277 Stupt

601 1298 701 1358 Nox
737 1287 848 1347 venit
884 1281 939 1341 &amp;
966 1278 1058 1338 coelo
1085 1278 1305 1338 demurrunt
1341 1286 1441 1346 astra
1488 1300 1624 1360 silenti,

889 1319 1034 1379 Phabus
649 1365 848 1425 Procipites
885 1353 1012 1413 mittit
1093 1350 1157 1410 sub
1193 1351 1320 1411 mare
1366 1359 1483 1419 mittit
1529 1371 1629 1431 egnos

604 1448 681 1508 Cum
736 1435 854 1495 subito
892 1426 1026 1486 iminit
1057 1423 1182 1483 vomem
1244 1425 1299 1485 pia
1338 1429 1424 1489 cura
1463 1440 1643 1500 tonantir

640 1507 807 1567 Innesto
842 1501 1018 1561 plantam
1080 1500 1124 1560 quae
1141 1500 1203 1560 cito
1238 1501 1354 1561 dente
1388 1506 1529 1566 voret¬

603 1583 770 1643 Imperit
819 1578 886 1638 hic
928 1575 1029 1635 seiis
1070 1572 1229 1632 radices
1278 1572 1470 1632 morsibus
1521 1575 1637 1635 imas

659 1654 711 1714 Et
755 1651 815 1711 nim
867 1647 1030 1707 capidis
1073 1644 1252 1704 dentibus
1288 1644 1407 1704 antra
1451 1648 1577 1708 cauat

586 1737 661 1797 Illa
704 1729 770 1789 pit
822 1723 830 1783 v
940 1716 1108 1776 moriens
1150 1716 1176 1776 in
1217 1716 1327 1776 terra
1361 1721 1512 1781 stormit
1563 1729 1638 1789 alte

1414 1755 1467 1815 Sti
1499 1755 1506 1815 d
642 1806 704 1866 Et
737 1794 863 1854 radit
905 1787 948 1847 vt
990 1785 1106 1845 misso
1149 1788 1381 1848 exandine
1402 1798 1540 1858 misti
1582 1807 1656 1867 solet

581 1881 754 1941 Damna
806 1865 938 1925 videris
979 1861 1091 1921 vates
1131 1862 1295 1922 tristaro
1336 1870 1489 1930 pertore
1530 1879 1601 1939 toto

640 1953 710 2013 Et
745 1944 871 2004 vursum
927 1939 1032 1999 irata
1081 1939 1228 1999 iurgia
1277 1942 1361 2002 vore
1396 1948 1529 2008 monet

565 2027 689 2087 Hine
734 2020 804 2080 vbi
840 2012 1115 2072 faminomus
1159 2013 1293 2073 medio
1337 2016 1399 2076 sol
1426 2023 1603 2083 constitit
1630 2035 1718 2095 orbe

667 2103 785 2163 Diens
828 2092 1021 2152 Garintes
1063 2091 1223 2151 Eyrins
1264 2094 1357 2154 vseit
1400 2100 1517 2160 agnos
