2000 2581
773 146 787 206 R
858 142 929 202 LB
972 141 1014 201 E.
1028 141 1035 201 C
1084 143 1134 203 C.
1149 145 1205 205 D.

462 203 532 263 Me
550 203 637 263 tuam
680 205 803 265 misere
846 206 1013 266 fortunam
1065 206 1196 266 plorat
1239 205 1379 265 accrbam

497 276 556 336 Et
586 279 787 339 lactrymis
824 277 935 337 raues
979 275 1106 335 inficit
1151 274 1232 334 vsque
1263 274 1358 334 suos.

466 351 536 411 Et
570 347 626 407 qui
654 346 710 406 me
745 344 898 404 iiseram
947 342 1024 402 pobis
1065 342 1219 402 solando
1254 344 1379 404 inuare

504 416 699 476 Debuit,
715 410 741 470 in
783 409 885 469 luctu
936 411 1080 471 desidet
1114 414 1181 474 ipse
1216 412 1368 472 exami.

459 492 513 552 At
578 480 780 540 permanus
826 478 937 538 Esan
973 481 1111 541 nostre
1148 485 1239 545 pars
1277 492 1405 552 altera
1442 497 1552 557 Stirpis

508 554 615 614 Semp
662 548 789 608 nostra
829 547 923 607 nona
983 550 1104 610 corda
1151 555 1264 615 dolore
1305 557 1432 617 punt.

464 629 562 689 Nam
616 621 692 681 quid
729 618 805 678 num
873 618 1055 678 memorem
1108 622 1153 682 quae
1168 623 1199 683 te
1229 626 1358 686 praesente
1396 632 1585 692 proteruus

505 697 643 757 Pecerit
692 691 724 751 en
765 690 888 750 factis
936 690 1058 750 obruit
1099 691 1197 751 vsque
1221 692 1335 752 nonis

468 772 594 832 Postqi
621 762 738 822 etenim
790 756 900 816 vidit
943 756 1002 816 non
1035 757 1104 817 hac
1137 759 1171 819 de
1205 761 1315 821 gente
1349 765 1485 825 petitam

515 840 640 900 Vxorem
710 829 814 889 patri
850 828 940 888 posse
974 829 1114 889 placere
1155 830 1239 890 suo.

472 918 519 978 Ee
547 908 660 968 quoque
679 900 857 960 dimissum
914 899 1046 959 simili
1074 900 1111 960 ne
1148 903 1299 963 coninge
1327 904 1449 964 captus

510 985 685 1045 Inficeret
730 971 875 1031 generis
927 967 1034 1027 signa
1079 967 1231 1027 saccata
1284 968 1367 1028 ini.

474 1062 658 1122 Improbus
697 1050 756 1110 ere
785 1043 902 1103 nonue
931 1041 999 1101 sibi
1028 1041 1096 1101 tum
1155 1044 1339 1104 commitia
1379 1052 1466 1112 inuit

517 1136 640 1196 Addit
671 1128 702 1188 &amp
740 1123 795 1183 hec
833 1118 957 1178 steleri
987 1117 1118 1177 turpia
1164 1120 1280 1180 facta
1319 1124 1364 1184 suo

462 1207 520 1267 Et
553 1203 629 1263 mun
688 1198 739 1258 ren
789 1193 974 1253 Ninnoth
1015 1191 1234 1251 faribunda
1276 1195 1402 1255 mente
1444 1202 1479 1262 prae
1495 1208 1595 1268 arma

535 1273 639 1333 Vinit
683 1267 721 1327 &et
758 1265 774 1325 c
811 1262 915 1322 rapto
953 1260 1026 1320 praeda
1072 1260 1214 1320 reuenta
1258 1264 1318 1324 sua
1362 1270 1422 1330 est

468 1340 522 1400 Se
550 1334 604 1394 hioc
632 1327 864 1387 puleterum,
878 1325 973 1385 solum
1028 1325 1083 1385 hoc
1117 1327 1226 1387 putat
1274 1330 1322 1390 esse
1349 1333 1438 1393 decret

540 1399 579 1459 vt
625 1393 742 1453 multi
775 1389 944 1449 metuant
996 1389 1095 1449 facta
1140 1393 1303 1453 proteria
1349 1398 1446 1458 viri¬

476 1471 556 1531 Hei
579 1465 675 1525 mihi
707 1460 787 1520 quis
819 1460 986 1520 luctus,
1002 1463 1138 1523 quanti
1161 1468 1273 1528 milii
1297 1472 1425 1532 mente
1457 1475 1568 1535 dolores

543 1535 741 1595 Darquit,
752 1529 811 1589 cum
863 1527 950 1587 nati
985 1527 1154 1587 crmina
1212 1531 1316 1591 cerno
1357 1538 1439 1598 mei

486 1609 599 1669 Quam
647 1602 737 1662 dolet
777 1598 833 1658 als
850 1597 955 1657 misere
1012 1597 1149 1657 tristis
1190 1600 1263 1660 num
1311 1608 1473 1668 cernere
1506 1619 1586 1679 copor

576 1637 752 1697 Tathenam
534 1679 665 1739 pa
803 1671 897 1731 nati
933 1670 1173 1730 comarulare
1217 1671 1383 1731 thorum.

217 1748 308 1808 Coon.
324 1745 400 1805 24.
477 1752 571 1812 Non
607 1748 686 1808 hnic
723 1744 817 1804 corda
860 1741 1004 1801 monent
1047 1740 1084 1800 qua
1105 1742 1271 1802 quendam
1337 1757 1531 1817 maximus
1561 1775 1658 1835 Abram

517 1826 672 1886 Accerat
710 1820 740 1880 in
779 1817 894 1877 patris
956 1816 1056 1876 fuda
1095 1817 1195 1877 iusta
1233 1820 1325 1880 tui.

477 1904 574 1964 Non
613 1893 734 1953 durum
798 1885 975 1945 tanunt
1023 1886 1087 1946 aim
1136 1889 1192 1949 pa
1223 1893 1296 1953 insa
1337 1903 1505 1963 paventis

529 1971 621 2031 jussa
670 1966 712 2026 per
755 1960 910 2020 aeternos
960 1960 1037 2020 rite
1073 1964 1221 2024 rolenda
1256 1976 1362 2036 dies.

468 2060 577 2120 Non
614 2051 641 2111 in
688 2045 742 2105 hec
779 2040 907 2100 tantum
962 2040 1154 2100 ceaciant,
1172 2043 1218 2103 quae
1236 2047 1318 2107 bella
1346 2058 1519 2118 minaeque

547 2126 673 2186 Quae
702 2118 820 2178 contra
865 2115 1013 2175 fratrem
1073 2116 1102 2176 te
1132 2118 1221 2178 gerit
1257 2122 1324 2182 ille
1361 2128 1487 2188 summ.
