2000 2581
547 146 737 206 Credite,
756 142 813 202 iam
871 140 965 200 vobis
1012 138 1136 198 quoque
1174 139 1326 199 promia
1375 141 1488 201 digna
1526 146 1707 206 paranter

612 222 672 282 am
732 217 791 277 vos
834 214 979 274 indicij
1022 214 1133 274 poena
1176 215 1330 275 reuenta
1373 217 1543 277 manet.

545 293 647 353 Num
706 289 808 349 male
850 286 1071 346 prumbent
1122 285 1223 345 lapso
1274 287 1520 347 fundamine
1546 293 1681 353 turnes

605 364 758 424 Nume
785 357 894 417 cadet
938 357 1091 417 lostili
1128 358 1244 418 ploria
1290 359 1362 419 vra
1398 358 1543 418 manu.

535 443 680 503 Jurigt
731 429 915 489 peorimo
954 424 1138 484 rapinte
1177 426 1334 486 milite,
1360 432 1426 492 Ca
1453 435 1517 495 rae

594 520 685 580 Nec
725 508 847 568 tantis
886 501 1008 561 suberit
1069 499 1079 559 s
1099 499 1150 559 pes
1180 501 1422 561 quotacunque
1442 508 1613 568 matis.

548 599 652 659 Nem
683 586 799 646 procul
831 580 852 640 a
893 574 1008 634 vobis
1040 572 1103 632 iam
1156 573 1240 633 sunt
1291 579 1544 639 pristissima
1595 597 1721 657 fata¬

597 667 683 727 Hic
712 655 849 715 nullam
914 647 1009 707 Deus
1037 646 1124 706 vult
1175 647 1334 707 valuisse
1370 654 1557 714 moram.

543 740 713 800 Nempe
745 726 884 786 quater
915 720 1001 780 demo
1033 718 1097 778 cum
1150 719 1268 779 surget
1331 726 1491 786 Lucifer
1534 740 1640 800 ortu¬

610 812 747 872 Quae
774 800 902 860 vobis
938 794 1029 854 vels
1066 794 1130 854 est
1175 796 1303 856 vasta
1349 804 1467 864 ruina
1513 816 1603 876 rade

479 902 776 962 DEEEe
845 886 1002 946 attoniti
1030 883 1269 943 Nimanitae
1299 887 1410 947 corda
1482 903 1679 963 Ingebant

608 970 821 1030 Aleificus
878 957 989 1017 verit
1054 953 1148 1013 dura
1194 953 1231 1013 pe
1249 954 1315 1014 ossa
1361 961 1528 1021 trenor.

547 1047 680 1107 Aunec
696 1040 728 1100 te
766 1033 915 1093 trepidis
955 1028 1056 1088 sumo
1087 1026 1213 1086 stant
1252 1026 1361 1086 Petiae
1401 1028 1510 1088 comae

602 1121 641 1181 amp
710 1112 829 1172 gelido
858 1104 1008 1164 pallent
1047 1101 1176 1161 cuncta
1225 1101 1364 1161 timore
1394 1104 1513 1164 viris

578 1195 662 1255 Nam
707 1186 800 1246 licet
847 1177 1024 1237 atherea
1070 1174 1237 1234 gentiles
1275 1174 1377 1234 Lege
1404 1177 1581 1237 carerent

616 1263 762 1323 Quam
814 1250 949 1310 populo
990 1247 1095 1307 Indae
1146 1247 1355 1307 Corniger
1386 1250 1480 1310 ante
1511 1253 1614 1313 tulit.

543 1342 647 1402 Netn
688 1327 845 1387 agnoseu
960 1317 1126 1377 mundi
1157 1317 1230 1377 qui
1261 1318 1397 1378 steptra
1439 1322 1574 1382 gutret

607 1410 722 1470 Esse
755 1398 926 1458 Deum,
949 1393 1029 1453 sub
1063 1393 1130 1453 quo
1166 1393 1336 1453 tendita
1370 1397 1449 1457 quqise
1484 1399 1563 1459 sient

552 1490 669 1550 Qai,
690 1482 755 1542 cum
797 1476 840 1536 sit
883 1472 1066 1532 iustus,
1087 1472 1150 1532 non
1194 1472 1312 1532 possit
1354 1475 1482 1535 iniqua
1526 1479 1675 1539 placere

619 1550 768 1610 vita,
791 1546 854 1606 nec
901 1544 932 1604 in
987 1544 1103 1604 vitiis
1151 1545 1284 1605 obenta
1315 1547 1432 1607 turta
1479 1549 1557 1609 suis

569 1629 699 1689 samque
729 1619 878 1679 animo
908 1616 1069 1676 voluunt
1108 1617 1228 1677 alioex
1268 1621 1418 1681 crimina
1458 1625 1598 1685 Regum

626 1698 770 1758 Quos
800 1691 934 1751 simili
972 1690 1050 1750 fato
1089 1690 1233 1750 praedidit
1300 1695 1377 1755 ante
1416 1700 1569 1760 Dev5.

557 1784 734 1844 Liecbes
780 1774 956 1834 repetunt
1004 1770 1235 1830 Chauanea
1283 1771 1292 1831 e
1329 1772 1431 1832 gente
1468 1778 1663 1838 Txrannos

613 1861 750 1921 Quos
794 1853 914 1913 selere
949 1845 1120 1905 infames
1172 1841 1310 1901 expulit
1352 1841 1413 1901 ira
1464 1842 1558 1902 Dei.

540 1946 618 2006 Et
656 1934 829 1994 propriam
887 1921 1127 1981 inspiciumt
1175 1917 1242 1977 non
1281 1916 1368 1976 coero
1396 1918 1560 1978 limnine
1588 1922 1694 1982 vitam

611 2018 776 2078 Quid
817 2010 993 2070 suspensa
1034 2004 1044 2064 a
1086 2000 1179 2060 tergo
1231 1996 1396 2056 mantita
1436 1996 1541 2056 furte
1561 2002 1664 2062 ferat

591 2102 662 2162 ae
709 2096 880 2156 nimissum
935 2089 1059 2149 cermit
1106 2086 1137 2146 in
1160 2085 1207 2145 fec
1238 2085 1293 2145 tes
1323 2085 1479 2145 crimine
1519 2089 1643 2149 mores
