2000 2581
869 146 883 206 S
919 147 935 207 R
978 148 993 208 P
1037 150 1132 210 HO.
1146 153 1190 213 R.
1197 157 1255 217 A.

544 213 634 273 Talis
673 210 695 270 in
732 209 885 269 attonito
937 213 1073 273 pertore
1096 216 1224 276 torpor
1255 218 1338 278 erat

466 284 565 344 Non
600 279 650 339 exo
685 277 755 337 quae
790 276 953 336 domini
988 278 1143 338 curans
1185 282 1297 342 prepta
1340 287 1509 347 interent

524 352 722 412 Necte,
744 347 822 407 quae
850 346 1013 406 decuit,
1035 347 1162 407 mente
1197 348 1311 408 seruta
1360 351 1453 411 fui.

470 420 487 480 Q
545 419 678 479 vtinam
728 416 844 476 gelide
887 414 978 474 Ntt
1019 414 1153 474 mortis
1194 416 1261 476 tuu
1318 423 1401 483 hora
1435 434 1560 494 fiusset

539 491 591 551 Ad
629 486 777 546 patriam
837 483 897 543 que
941 482 994 542 ine
1046 484 1158 544 iussit
1195 487 1299 547 atire
1345 495 1515 555 domun.

473 569 488 629 D
548 563 653 623 milri
676 559 736 619 tum
811 555 977 615 triplices
1037 555 1225 615 semissent
1285 562 1368 622 fata
1405 574 1570 634 sorores.

527 634 618 694 Cum
675 625 830 685 poteram
894 622 1021 682 tanto
1063 622 1225 682 crimine
1268 626 1352 686 puta
1395 630 1514 690 mori¬

477 705 591 765 Mees
623 699 705 759 esset
745 694 924 754 melior,
941 692 998 752 quie
1014 692 1153 752 conscia
1202 696 1381 756 ceiminis
1413 705 1519 765 huins

540 769 685 829 Vita,
710 766 773 826 per
814 763 967 823 aetornes
1015 762 1111 822 vsque
1127 764 1321 824 gemenda
1353 772 1466 832 dies.

482 839 565 899 Hei
593 835 686 895 mihi
723 834 816 894 quid
853 834 928 894 feri
965 834 1058 894 seur
1095 836 1132 896 to
1179 840 1392 900 havissime
1421 849 1532 909 liqui¬

521 906 603 966 Ham
661 899 702 959 in
760 896 834 956 quae
858 897 1023 957 mentem
1089 902 1196 962 Pavca
1238 908 1419 968 maligna
1460 913 1551 973 dedit

460 970 517 1030 Sq
554 962 589 1022 vt
611 958 726 1018 durum
784 958 906 1018 corpus
950 962 1094 1022 natura
1137 966 1288 1026 nequit

513 1037 576 1097 Sic
612 1029 740 1089 vursum
796 1028 896 1088 nobis
938 1033 1073 1093 mollia
1115 1040 1222 1100 corda
1250 1044 1349 1104 dedit

482 1096 610 1156 Tortius
646 1094 674 1154 at
702 1093 788 1153 volis
831 1095 995 1155 corpus,
1017 1100 1123 1160 mens
1167 1107 1273 1167 nescia
1316 1116 1415 1176 vimi

522 1160 551 1220 In
593 1158 694 1218 mala
747 1157 812 1217 nos
853 1159 907 1219 xo
954 1163 1066 1223 turta
1114 1171 1250 1231 tenella
1298 1181 1457 1241 sumus.

481 1233 629 1293 Quare
666 1227 713 1287 ego
749 1226 805 1286 per
842 1226 981 1286 nostri
1009 1230 1046 1290 te
1074 1233 1157 1293 iura
1204 1244 1426 1304 sacerrima
1463 1253 1574 1313 lesti¬

512 1306 570 1366 Et
604 1300 662 1360 per
687 1296 878 1356 roningiij
912 1298 1086 1358 pignora
1135 1305 1235 1365 ihara
1285 1311 1401 1371 pror.

476 1373 614 1433 Nune
650 1371 833 1431 missrere
870 1373 989 1433 mei,
1016 1375 1089 1435 nec
1116 1379 1218 1439 dura
1263 1388 1437 1448 crimina
1484 1398 1620 1458 mente

512 1443 722 1503 plertito,
738 1440 851 1500 plura
891 1442 956 1502 liqu
988 1450 1230 1510 comemisse
1263 1460 1416 1520 queant

451 1520 581 1580 Quid
616 1513 737 1573 tamen
780 1513 840 1573 hec
867 1516 1023 1576 scribo,
1048 1526 1230 1586 scribenti
1264 1538 1411 1598 muntia
1464 1547 1576 1607 venit

504 1585 633 1645 Fama
685 1581 814 1641 procul
866 1584 973 1644 Nili
1011 1590 1155 1650 littore
1192 1598 1298 1658 abire
1336 1608 1510 1668 virum.

463 1647 558 1707 Num
619 1646 646 1706 te
666 1647 761 1707 fama
795 1649 903 1709 refert
958 1654 1106 1714 collecta
1147 1662 1242 1722 pente
1276 1671 1425 1731 paterna

507 1713 676 1773 Enasisse
704 1712 811 1772 rubri
846 1714 900 1774 per
945 1720 1043 1780 vada
1079 1726 1168 1786 salsa
1212 1735 1356 1795 maris.

468 1790 522 1850 Ee
561 1784 715 1844 Pharium
768 1783 907 1843 rapido
946 1791 1154 1851 submersum
1209 1803 1355 1863 quegite
1393 1813 1494 1873 Regem

508 1856 595 1916 Dum
634 1852 674 1912 te
705 1852 902 1912 persequite
941 1857 1027 1917 fata
1067 1865 1185 1925 tulisse
1208 1871 1295 1931 sua.

459 1929 559 1989 Quo
585 1928 711 1988 propas
757 1928 819 1988 vir
855 1930 963 1990 chare
1000 1936 1162 1996 preior:
1190 1945 1261 2005 quo
1298 1955 1415 2015 figere
1442 1970 1603 2030 rastra,

500 2005 572 2065 Ant
616 2000 666 2060 quo
695 1999 746 2059 vis
789 1999 883 2059 sedes
926 2003 1028 2063 nunc
1071 2012 1223 2072 posuisse
1251 2019 1317 2079 loco

451 2077 509 2137 An
551 2073 618 2133 tibi
642 2072 709 2132 non
750 2072 841 2132 satis
874 2074 924 2134 est
966 2077 1107 2137 nostro
1148 2085 1306 2145 perculta
1347 2091 1447 2151 penti
