2000 2581
508 166 588 226 Hei
610 162 764 222 concussa
800 158 976 218 rigent,
983 156 1049 216 nec
1078 154 1166 214 quid
1210 152 1407 212 faciamnt
1436 149 1619 209 loquarue

520 230 734 290 Cognosto,
753 223 842 283 coeca
896 218 1040 278 tectum
1084 217 1137 277 est
1174 215 1326 275 caligine
1362 213 1496 273 pertus

506 297 555 357 At
594 293 638 353 in
687 289 759 349 non
803 284 902 344 tales
946 280 1077 340 animi
1122 278 1187 338 nec
1221 277 1336 337 corda
1380 275 1495 335 fuere

529 357 696 417 Talia,
711 350 784 410 cum
835 344 995 404 nendum
1054 339 1163 399 mas
1199 337 1359 397 formos
1403 337 1563 397 videres

512 426 636 486 Redes
674 418 737 478 qui
767 411 914 471 nostri
945 403 1187 463 velemens
1225 401 1256 461 es
1294 401 1326 461 ea
1364 401 1527 461 doloris.

516 492 699 552 Stulta,
715 481 799 541 quid
848 474 907 534 hei
931 467 1089 527 famnli
1122 463 1239 523 potuit
1271 462 1305 522 te
1330 464 1488 524 fectere
1513 472 1662 532 formae

521 554 623 614 Num
678 542 795 602 pepre
826 533 1030 593 adductus
1069 528 1225 588 tantum
1280 527 1335 587 tua
1382 530 1515 590 pectora
1554 534 1664 594 monit

514 618 615 678 Htim
670 605 744 665 tibi
771 599 845 659 quis
881 592 1093 652 fructus.
1111 591 1204 651 quos
1231 592 1314 652 hinc
1341 595 1508 655 5ferabis
1535 600 1718 660 honores,

526 687 571 747 Si
593 673 721 733 sernus
751 664 827 724 abre
864 659 1075 719 marulata
1127 659 1262 719 cubilia
1300 659 1458 719 standat

520 746 574 806 At
601 739 670 799 tibi
704 731 779 791 quis
813 726 875 786 luc
909 723 964 783 tus
1004 721 1046 781 et
1080 720 1237 780 quanta
1285 722 1448 782 infamia
1483 727 1571 787 vitae

523 810 575 870 Al
611 799 751 859 venibt
796 788 990 848 miserae,
1007 785 1078 845 dui
1113 785 1149 845 si
1166 785 1280 845 quefida
1316 787 1448 847 lectum

523 858 719 918 Externe
751 850 947 910 prodas,
971 847 1143 907 dextram
1200 849 1461 909 thalamosque
1486 856 1648 916 ingales.

521 921 699 981 Conseius
736 915 782 975 at
820 911 951 971 nemo
988 910 1120 970 forsam
1157 910 1232 970 tua
1269 914 1428 974 rimina
1474 921 1550 981 gradet

519 988 628 1048 Atquie
652 983 702 1043 din
744 977 844 1037 testo
869 974 1002 1034 potent
1043 973 1110 1033 cum
1160 975 1343 1035 rimine
1384 983 1493 1043 culpa

523 1052 654 1112 Coetari
682 1044 847 1104 tacite,
868 1038 937 1098 nec
964 1035 1041 1095 erit
1082 1034 1150 1094 qui
1185 1036 1310 1096 facta
1351 1044 1503 1104 venelet

456 1118 477 1178 37
509 1114 664 1174 Omnia
706 1108 748 1168 sed
790 1103 951 1163 tempus
987 1100 1135 1160 labers
1169 1100 1353 1160 auumque
1380 1105 1542 1165 reuelat

447 1177 500 1237 17.
520 1177 579 1237 Sez
604 1174 681 1234 ipse
715 1170 808 1230 deus
851 1167 1004 1227 sapiens
1046 1166 1114 1226 qui
1139 1167 1284 1227 cuncta
1318 1172 1428 1232 tuetur

450 1240 487 1300 11
523 1238 628 1298 Non
666 1234 756 1294 sinit
793 1230 995 1290 vtitarite
1025 1230 1197 1290 lnteant
1235 1236 1429 1296 mortalia
1467 1248 1608 1308 facta.

528 1305 665 1365 Stulta
702 1298 740 1358 quid
770 1294 831 1354 hec
868 1291 1005 1351 metris
1065 1290 1178 1350 fama
1217 1293 1390 1353 terreris
1436 1303 1557 1363 inani

526 1374 609 1434 Non
642 1363 818 1423 quisquam
877 1354 1019 1414 fuerit
1060 1354 1102 1414 quod
1110 1354 1177 1414 non
1211 1355 1277 1415 tua
1318 1359 1427 1419 facta
1461 1367 1636 1427 probabit,

522 1438 631 1498 Atque
646 1431 780 1491 onnus
826 1423 1014 1483 nostrum
1069 1422 1210 1482 mulier
1241 1424 1429 1484 laudabit
1460 1432 1663 1492 anorem.

519 1498 614 1558 Eote
648 1490 777 1550 etenim
845 1483 992 1543 vultum
1044 1482 1292 1542 placidum,
1310 1486 1361 1546 quae
1386 1491 1568 1551 plurimue
1585 1498 1654 1558 olli¬

534 1562 638 1622 Oris
670 1553 837 1613 hones,
861 1548 1028 1608 quanta
1069 1548 1076 1608 e
1108 1548 1259 1608 placido
1284 1551 1339 1611 sub
1379 1554 1531 1614 corpore
1562 1562 1698 1622 virtus.

526 1629 566 1689 Se
599 1622 660 1682 ipse
699 1616 773 1676 deus
814 1610 941 1670 sunns
981 1608 1183 1668 mortalia
1216 1609 1336 1669 curat

539 1684 712 1744 Quid:
739 1676 879 1736 nonne
906 1673 946 1733 et
973 1671 1066 1731 denus
1087 1670 1159 1730 tali
1193 1670 1380 1730 dignatus
1414 1673 1547 1733 honore

523 1744 659 1804 Hunc
698 1737 827 1797 amat
903 1732 925 1792 a
979 1730 1123 1790 metuis
1161 1729 1305 1789 tantum
1359 1731 1427 1791 mea
1465 1736 1602 1796 Sepirra
1632 1745 1754 1805 annore

310 1824 325 1884 A
362 1814 443 1874 proh
529 1806 692 1866 Acquum
770 1796 874 1856 quaiste
908 1793 1081 1853 inseram
1133 1795 1349 1855 dementia
1392 1801 1513 1861 vexat

525 1871 706 1931 Persitan
757 1861 801 1921 at
844 1856 973 1916 durus
1007 1853 1119 1913 talem
1171 1854 1257 1914 nun
1308 1858 1429 1918 spret
1463 1867 1618 1927 amorem

530 1936 643 1996 Atque
657 1928 756 1988 tuam
812 1922 911 1982 quades
952 1919 1115 1979 maguo
1150 1919 1221 1979 cum
1270 1922 1438 1982 crimine
1474 1929 1636 1989 Hamam

525 2001 637 2061 Num
684 1989 835 2049 poterit
875 1983 1018 2043 placida
1066 1983 1185 2043 durae
1209 1987 1471 2047 indementia
1519 1996 1622 2056 vultu

533 2059 703 2119 Arguere
747 2051 855 2111 haud
882 2050 981 2110 talis
1007 2050 1195 2110 animus,
1213 2053 1284 2113 non
1321 2056 1391 2116 esse
1428 2059 1526 2119 vider

524 2125 700 2185 Pectoris
741 2115 933 2175 ingenium
992 2115 1033 2175 vt
1076 2117 1184 2177 possit
1217 2120 1225 2180 5
1251 2123 1384 2183 pirare
1417 2131 1611 2191 furorem.
