2000 2581
477 189 561 249 Hic
587 184 714 244 opibus
756 184 977 244 splendens
1010 189 1164 249 multis
1206 194 1392 254 dextraqu
1418 193 1570 253 potenti

479 257 636 317 Regupti
663 253 697 313 in
732 252 942 312 cuntas
986 255 1117 315 vrbes
1161 262 1397 322 modamen
1431 269 1624 329 habebat.

480 327 579 387 Rex
619 322 767 382 etenim
857 322 1030 382 Phavao
1071 325 1202 385 veoni
1227 329 1301 389 qui
1326 333 1449 393 sceptra
1490 339 1646 399 tenebat

491 397 564 457 Pro
598 390 772 450 meritis
821 388 994 448 magiis
1035 391 1184 451 quibus
1225 397 1324 457 hunc
1366 403 1539 463 affecerat
1581 409 1646 469 ille

483 463 682 523 Enectum
740 457 849 517 clare
888 456 1023 516 multo
1061 459 1299 519 mumlanit
1344 468 1504 528 henore

490 536 578 596 Hie
622 529 694 589 vbi
729 523 958 583 foxentem
1021 523 1223 583 inuenem
1294 529 1383 589 cons
1400 536 1498 596 fexit
1533 544 1639 604 Posephi

483 609 543 669 Et
583 598 755 658 placidos
805 591 947 651 mores
987 591 1180 651 generoso
1220 595 1250 655 in
1300 603 1502 663 corpore,
1524 614 1674 674 vultus

491 676 728 736 Assimiles
765 663 976 723 dinum,
994 662 1177 722 plaruit
1222 665 1305 725 mox
1351 672 1497 732 forma
1534 682 1671 742 decora

501 747 609 807 Que
644 738 870 798 vlandum
924 733 1104 793 blando
1140 734 1257 794 pestu
1302 741 1509 801 spiratat
1544 754 1706 814 amore,

506 813 701 873 ontimuo
732 804 794 864 hic
833 799 997 859 puerum
1060 800 1239 860 argento
1278 807 1481 867 multesque
1512 815 1683 875 redemit

488 884 704 944 Dinitijs,
726 872 909 932 placide
942 868 1093 928 captus
1147 871 1396 931 dulcedine
1428 880 1611 940 formae,

495 952 648 1012 Noxqe
673 942 835 1002 domum
885 937 1046 997 ductum
1097 937 1258 997 praeclaris
1300 943 1479 1003 vestibus
1512 950 1656 1010 ornat.

446 1029 519 1089 Ie
544 1023 594 1083 sed
635 1016 684 1076 vt
726 1010 850 1070 patria
899 1005 1031 1065 gratae
1063 1004 1138 1064 non
1179 1005 1361 1065 imemor
1402 1009 1467 1069 ore

485 1089 674 1149 Seruitio
712 1079 750 1139 in
773 1076 871 1136 sueto
910 1072 1062 1132 ternit
1107 1072 1168 1132 sua
1214 1072 1374 1132 corpora
1419 1074 1518 1134 cogi¬

503 1150 600 1210 Non
641 1141 779 1201 temut
829 1136 1017 1196 gemitus
1065 1136 1269 1196 lachrimis
1310 1139 1367 1199 &amp;
1383 1141 1473 1201 luget
1514 1145 1652 1205 obortis

499 1219 602 1279 Atque
621 1208 742 1268 orulis
770 1201 947 1261 placidis
976 1202 1163 1262 praelargus
1210 1204 1341 1264 preluit
1378 1204 1546 1264 imber.

500 1282 569 1342 Ack
608 1269 786 1329 dominus
824 1261 1048 1321 lacheginas
1088 1262 1234 1322 ternens
1265 1268 1474 1328 gemitusqu
1512 1276 1659 1336 delentes

494 1340 669 1400 triemit,
677 1334 740 1394 &amp;
756 1331 867 1391 sortem
923 1329 1018 1389 pueri
1050 1329 1153 1389 solate
1193 1331 1407 1391 iniquam,

455 1411 546 1471 Parce
578 1403 646 1463 quer
676 1393 922 1453 lactrrgmis,
938 1390 1007 1450 nec
1045 1390 1122 1450 enim
1184 1392 1245 1452 tibi
1268 1394 1398 1454 tristia
1437 1398 1513 1458 fata

504 1465 622 1525 Nunc
668 1455 819 1515 fuerint
871 1451 1015 1511 seruo,
1041 1451 1173 1511 fueris
1211 1453 1251 1513 si
1277 1455 1388 1515 corde
1422 1460 1539 1520 fideli

510 1525 729 1585 Noninuis
762 1515 914 1575 lmam
974 1513 1134 1573 generis
1159 1514 1320 1574 casusque
1353 1519 1480 1579 viresis

516 1597 608 1657 Cum
666 1588 725 1648 taq
776 1584 817 1644 quae
834 1580 1001 1640 ragiunt
1052 1578 1185 1638 misere
1210 1582 1445 1642 tristissima
1470 1591 1578 1651 fata.

501 1665 567 1725 Sed
606 1654 711 1714 mihsi
739 1648 816 1708 quae
836 1645 922 1705 priae
950 1644 1055 1704 tellas
1083 1644 1131 1704 quod
1141 1645 1266 1705 gentis
1304 1647 1408 1707 oripe

498 1722 696 1782 Dissere,
720 1715 799 1775 quis
839 1711 950 1771 casus
997 1710 1227 1770 nostraste
1259 1714 1378 1774 dupit
1418 1718 1457 1778 in
1481 1723 1601 1783 oras.

507 1787 620 1847 Talia
673 1775 855 1835 quirenti
885 1771 1051 1831 inuenis
1088 1772 1179 1832 mex
1217 1775 1368 1835 ordine
1398 1779 1467 1839 cum
1512 1782 1581 1842 ta¬

499 1848 650 1908 fendit
729 1838 782 1898 res
827 1832 968 1892 ornns
1012 1830 1224 1890 narrans
1260 1833 1304 1893 ab
1339 1838 1481 1898 origine
1516 1849 1667 1909 prima,

498 1916 547 1976 Et
580 1909 678 1969 puiae
711 1901 850 1961 fines,
875 1896 1039 1956 generis
1080 1895 1121 1955 qua
1145 1895 1269 1955 prima
1309 1896 1400 1956 ppar

509 1972 681 2032 Imnudiae
718 1966 882 2026 caussas
918 1963 976 2023 &amp;
1005 1962 1170 2022 fatrum
1235 1963 1415 2023 crimina
1466 1970 1544 2030 dira

499 2041 686 2101 Eoponit
747 2030 904 2090 mediis
949 2025 1121 2085 quatiens
1174 2027 1430 2087 simpultibus
1467 2035 1534 2095 ora

446 2119 534 2179 Ast
567 2107 647 2167 vbi
671 2095 912 2155 marrantis
953 2088 1114 2148 vultus
1154 2088 1194 2148 et
1218 2089 1387 2149 simpula
1443 2092 1516 2152 pota

504 2168 693 2228 Pntiphar
732 2160 940 2220 agnonit,
959 2159 1208 2219 blandosus
1247 2163 1386 2223 orpore
1416 2167 1554 2227 gestus
