2000 2581
669 134 911 194 DarivI

371 208 455 268 ttei
474 204 625 264 granior
662 203 812 263 plunto
858 205 999 265 sarrina
1037 206 1140 266 tanta
1178 205 1299 265 sedet.

311 286 418 346 Nam
466 283 573 343 modo
602 282 640 342 in
699 281 883 341 rruciant
932 281 1096 341 gomitus
1135 279 1349 339 lactrgunae
1397 270 1571 330 gennes.

376 359 472 419 Num
545 355 678 415 ardent
721 355 839 415 tristi
875 356 1016 416 conscia
1052 356 1155 416 rorda
1200 354 1294 414 face.

320 432 456 492 Quaq
510 430 592 490 fero
638 429 774 489 pressus
820 429 948 489 semper
975 429 1075 489 mihi
1093 429 1230 489 rimen
1266 429 1438 489 oberrat.

376 510 432 570 Et
462 506 595 566 grauis
632 504 756 564 amissi
795 504 899 564 poena
937 505 1090 565 pudoris
1118 504 1260 564 adest.

330 578 449 638 Num
514 577 577 637 ain
633 576 752 636 inferm
824 577 935 637 proles
975 582 1174 642 perturbat
1213 593 1405 653 Erymis.

379 659 482 719 Qux
526 651 655 711 seleris
697 651 835 711 poenam
904 657 1145 717 inditiunque
1170 661 1256 721 petit

320 732 452 792 Nume
498 728 552 788 me
583 727 714 787 audire
754 728 846 788 viri
886 731 986 791 rado
1025 738 1265 798 maestissima
1312 747 1420 807 verba

378 810 442 870 Ile
475 805 546 865 suae
579 803 715 863 mortis
753 803 818 863 ie
857 806 974 866 vorat
1031 809 1097 869 esse
1129 811 1252 871 ream.

312 883 421 943 Sine
452 881 571 941 velit
625 878 774 938 tepidum
837 877 1033 937 candenti
1064 879 1213 939 lumine
1244 882 1346 942 cumu

395 955 538 1015 Titan,
555 951 598 1011 seu
640 951 767 1011 patrui
817 952 953 1012 caerula
1003 955 1105 1015 regua
1147 956 1232 1016 petit

333 1032 490 1092 Semper
526 1028 582 1088 me
618 1028 858 1088 lactregnae,
887 1030 1080 1090 sempine
1127 1036 1246 1096 facta
1293 1042 1439 1102 pudoris

384 1109 540 1169 consuia
592 1104 834 1164 pratervent,
861 1106 991 1166 semper
1043 1108 1173 1168 acerba
1215 1107 1328 1167 gemo.

335 1188 458 1248 Nam
514 1184 628 1244 misi
656 1183 740 1243 quid
788 1183 1004 1243 superest,
1023 1185 1090 1245 quo
1127 1187 1183 1247 int
1212 1190 1400 1250 solumine
1429 1196 1542 1256 credis

390 1266 563 1326 Comme
603 1263 796 1323 definncto
837 1265 958 1325 corde
989 1265 1141 1325 dolente
1172 1261 1282 1321 feiu¬

326 1344 423 1404 Alle
449 1339 528 1399 erat
573 1337 626 1397 hei
653 1337 741 1397 solus
785 1338 856 1398 qui
883 1342 1024 1402 tristia
1068 1348 1209 1408 cuncta
1245 1353 1395 1413 lenabat

703 1380 834 1440 officiis
374 1420 495 1480 Qui
521 1417 608 1477 num
661 1416 887 1476 tadeqpor
940 1419 1096 1479 vetite
1123 1424 1279 1484 numera
1332 1431 1462 1491 mortis
1498 1437 1567 1497 ht¬

325 1503 414 1563 Ia
455 1499 528 1559 dies
561 1497 691 1557 nemut
740 1497 814 1557 rum
862 1498 920 1558 me
952 1500 1033 1560 mea
1083 1506 1246 1566 memtra
1287 1513 1482 1573 lauantem

396 1571 620 1631 Vidisti,
647 1574 741 1634 visa
785 1575 845 1635 me
880 1578 941 1638 tibi
975 1582 1088 1642 verit
1131 1588 1260 1648 amor.

317 1657 408 1717 Dae
445 1650 554 1710 vnge
592 1648 738 1708 tepidis
793 1651 930 1711 vndis
977 1656 1059 1716 mea
1104 1662 1205 1722 corpa
1242 1666 1307 1726 lam

402 1726 502 1786 Cur
547 1724 675 1784 vugi
711 1726 866 1786 teneros
911 1733 984 1793 hei
1020 1739 1129 1799 male
1157 1745 1248 1805 sana
1293 1751 1419 1811 pedes.

342 1809 394 1869 Tu
437 1801 562 1861 quoque
572 1800 635 1860 eur
666 1801 834 1861 arnus,
854 1807 928 1867 quoe
960 1813 1054 1873 semp
1106 1823 1210 1883 ferre
1243 1832 1409 1892 solebas.

383 1890 566 1950 Mansis
587 1887 620 1947 ti
662 1889 791 1949 positis
834 1895 909 1955 ocia
952 1902 1059 1962 lenta
1113 1909 1263 1969 colens.

346 1977 424 2037 Tum
486 1974 557 2034 vbi
583 1974 670 2034 erat
723 1977 1002 2037 viresvbi
1029 1985 1116 2045 erat
1169 1990 1230 2050 tna
1266 1996 1397 2056 praestina
1440 2005 1563 2065 virtus

399 2061 480 2121 Tum
561 2056 641 2116 vbi
666 2055 755 2115 erat
819 2059 956 2119 populi
996 2064 1085 2124 eura
1134 2069 1296 2129 paterna
1344 2072 1409 2132 tui

339 2138 442 2198 Qur
477 2137 563 2197 tuus
616 2136 650 2196 in
693 2136 832 2196 campis
875 2137 1039 2197 iissebat
1100 2138 1169 2198 plia
1212 2138 1316 2198 miles
