2000 2581
237 147 287 207 Et
338 144 452 204 faciem
508 143 704 203 augustam
767 144 881 204 nihil
906 147 982 207 num
1051 153 1221 213 invenile
1266 161 1404 221 tuentem

263 212 323 272 Sed
360 208 468 268 mores
504 204 631 264 castis
672 204 684 264 e
763 206 901 266 mentis
938 211 1076 271 muntia
1136 216 1197 276 ne
1238 220 1335 280 giga

253 268 417 328 Casta,
442 260 524 320 mox
568 258 713 318 tacitum
769 259 870 319 puer
921 265 1072 325 concepit
1123 278 1349 338 anorem.

254 334 317 394 Vtq
365 328 461 388 leuis
500 324 667 384 primum
715 324 794 384 sicro
826 325 889 385 sub
929 328 1072 388 fomite
1112 336 1239 396 Hama

248 394 373 454 Delitet
419 392 464 452 ap;
481 391 624 451 tandem
692 392 835 452 comota
875 393 886 453 a
926 397 1109 457 Hanine
1154 404 1279 464 venti

241 462 420 522 Einicat
466 460 604 520 atlate
650 460 765 520 vires
805 461 1001 521 extendit
1053 465 1082 525 in
1127 471 1294 531 auras.

249 523 316 583 die
355 520 475 580 medo
513 519 573 579 non
618 520 784 580 famas
829 525 1010 585 inpentes
1055 533 1220 593 concipit
1266 540 1386 600 Heros

244 585 480 645 Cconceptam
544 581 588 641 at
623 582 774 642 peruam
831 587 982 647 blando
1017 592 1088 652 sub
1125 598 1276 658 pectore
1297 602 1425 662 mihrit

239 648 378 708 samqui
405 641 573 701 placent
619 642 741 702 mores
778 648 908 708 grati,
937 654 1010 714 tum
1067 661 1215 721 corpora
1253 667 1429 727 pulchra,

244 725 350 785 Atql
371 716 500 776 fidem
553 712 692 772 dictis
724 715 874 775 adhibet
929 722 1014 782 nec
1067 728 1185 788 falsa
1217 734 1367 794 locutum

245 788 461 848 Aestimat
510 780 545 840 vt
587 777 691 837 tales
741 779 922 839 generogo
956 782 985 842 in
1026 787 1180 847 corpore
1214 796 1375 856 vultus

247 850 356 910 cons
390 845 490 905 pexit
541 843 733 903 cordisquie
758 844 850 904 boni
875 848 1110 908 certissima
1160 854 1269 914 signa

173 923 195 983 31
244 913 432 973 Anribus
477 910 656 970 audicit
727 911 897 971 (sermo
924 914 1013 974 nam
1085 923 1256 983 pectoris
1291 935 1389 995 inder

208 975 314 1035 nterea
361 974 521 1034 famulus
562 974 669 1034 senior
708 976 789 1036 quem
849 982 1029 1042 Putipliar
1063 989 1123 1049 dlim

251 1043 366 1103 Annis
405 1041 490 1101 cons
513 1040 636 1100 pienum
698 1041 767 1101 toti
797 1046 990 1106 prafererat
1028 1055 1129 1115 aulae

257 1107 445 1167 Occabuit
509 1105 653 1165 curis,
672 1108 823 1168 mortis
861 1115 986 1175 oppsens
1024 1125 1231 1185 Pannis.

252 1175 341 1235 Mor
377 1170 518 1230 videas
563 1170 689 1230 plures
726 1175 919 1235 turbare
949 1188 1193 1248 tumultibus
1222 1200 1319 1260 aulam

237 1239 467 1299 Defuncti
501 1238 666 1298 fauudi
707 1242 847 1302 quisque
872 1247 946 1307 dum
996 1254 1128 1314 captat
1161 1269 1350 1329 honores.

253 1310 378 1370 Nunc
416 1308 502 1368 alijs
540 1309 666 1369 pernis
713 1312 867 1372 multis
915 1321 1078 1381 cultuque
1097 1329 1231 1389 supbus

246 1381 470 1441 Dstentat
516 1378 675 1438 patriam
741 1383 959 1443 famam,
985 1391 1071 1451 num
1131 1398 1263 1458 inctat
1296 1405 1407 1465 auitos

248 1447 425 1507 Natales
460 1443 616 1503 alius,
644 1447 892 1507 missenteque
913 1454 1055 1514 omnia
1091 1459 1254 1519 tarbis.

249 1518 340 1578 sunt
376 1512 458 1572 alij
476 1510 585 1570 plires
631 1510 703 1570 dum
767 1513 841 1573 qui
868 1519 1077 1579 adeuntqs
1104 1528 1268 1588 rogantu

255 1583 397 1643 Officii
415 1581 496 1641 casu
541 1579 558 1639 s
576 1578 844 1638 plendendia
879 1581 1067 1641 nunera
1112 1591 1254 1651 postunt

241 1654 427 1714 Patistiar
458 1650 499 1710 at
550 1648 728 1708 sapiens,
748 1648 841 1708 quem
894 1650 1007 1710 tanto
1037 1655 1225 1715 iumere
1246 1664 1348 1724 digun

246 1728 486 1788 Aestimet,
503 1718 735 1778 ignorat,
761 1718 967 1778 dubiasque
985 1721 1009 1781 in
1050 1726 1217 1786 pectore
1258 1733 1366 1793 curas

253 1800 437 1860 Versat,
460 1793 537 1853 dum
597 1791 729 1851 cernit
782 1791 974 1851 turbari
1012 1796 1097 1856 eui
1135 1800 1182 1860 ta
1212 1808 1419 1868 tumultu¬

241 1860 507 1920 Incertusque
534 1858 654 1918 modo
690 1858 801 1918 mun
874 1862 957 1922 huie
1002 1867 1149 1927 deposit
1187 1878 1406 1938 henorem,

250 1928 364 1988 Num
435 1924 485 1984 ac
513 1923 678 1983 dubio,
706 1923 856 1983 melior
906 1928 992 1988 sina
1049 1936 1142 1996 visa
1191 1946 1256 2006 est

266 1995 436 2055 Salibus
493 1989 691 2049 vtcuris
741 1991 819 2051 huc
862 1995 954 2055 illue
1010 2003 1160 2063 aestuat
1202 2010 1259 2070 ille

242 2064 409 2124 Coelitus
454 2057 480 2117 in
524 2057 683 2117 somnis
736 2064 983 2124 adortaris
1018 2075 1124 2135 astat
1169 2084 1309 2144 imago

176 2131 323 2191 Quid
368 2126 507 2186 mun,
525 2127 543 2187 o
580 2128 709 2188 praeses,
737 2134 902 2194 tantas
948 2140 985 2200 in
1021 2149 1187 2209 portore
1215 2159 1334 2219 iuras
