2000 2581
290 156 380 216 Hei
408 152 516 212 milsi
543 152 633 212 quid
669 154 839 214 dicam,
858 158 1029 218 quantum
1075 161 1111 221 pr
1146 162 1210 222 ipse
1237 160 1372 220 dolorem

311 218 491 278 Comipiet
549 215 686 275 tristis
765 220 945 280 quantas
996 225 1032 285 in
1068 228 1220 288 pectore
1255 231 1378 291 iuras

301 286 482 346 Decoquet
545 283 694 343 amissi
742 284 884 344 decolit
923 287 994 347 dum
1058 289 1199 349 gaudia
1238 289 1364 349 nati¬

299 358 377 418 Ast
406 353 466 413 ego
505 351 555 411 nie
594 349 742 409 patrios
781 350 929 410 luctus
979 352 1116 412 angere
1146 355 1313 415 vileet
1352 357 1480 417 vererer

292 430 388 490 Mox
444 422 556 482 scelus
596 418 804 478 infandum
868 419 1068 479 comissaque
1084 421 1244 481 rmina
1292 421 1396 481 vellem

292 498 534 558 bandere,
558 490 631 550 quo
663 488 857 548 meritas
897 487 1034 547 capent
1074 488 1187 548 malq
1228 489 1301 549 cria
1341 490 1494 550 poenas.

295 573 348 633 Sr
394 567 501 627 mihri
539 561 631 621 quid
677 557 853 617 proderst
891 555 1036 615 insero
1067 555 1135 615 hec
1166 556 1350 616 narrare
1380 558 1494 618 pareti

302 637 427 697 Atque
446 627 601 687 monore
640 623 794 683 graues
842 624 1005 684 afficto
1043 626 1073 686 in
1111 628 1275 688 pectore
1305 627 1420 687 curas

310 708 435 768 Qui
460 700 569 760 modo
603 698 628 758 si
644 695 778 755 natum
837 694 845 754 a
888 694 1005 754 natis
1046 692 1164 752 piisse
1198 689 1391 749 videret,

291 775 528 835 tunderet
572 767 722 827 infaelix
775 766 960 826 duplices
1005 767 1022 827 e
1066 767 1171 827 corde
1216 765 1419 825 querelas.

308 845 526 905 Vvtiuam
588 836 701 896 possem
761 833 920 893 merita
973 833 1034 893 ves
1079 832 1208 892 pradere
1253 830 1359 890 poena

292 912 446 972 Inscius
490 904 540 964 vt
584 901 738 961 penitor
781 899 884 959 curis
918 899 1175 959 lactrermisus
1209 900 1398 960 vacaret,

792 935 818 995 in
312 992 410 1052 Non
454 979 596 1039 eterum
658 970 827 1030 vellem,
844 968 1058 1028 venuentia
1102 972 1297 1032 tempora
1341 977 1448 1037 poena

301 1059 480 1119 Differve
516 1044 767 1104 ignanus,
785 1042 911 1102 releri
937 1043 992 1103 sed
1036 1044 1162 1104 pradere
1206 1043 1323 1103 fato.

298 1126 433 1186 Deyus
475 1112 704 1172 infames,
722 1110 772 1170 ie
814 1110 950 1170 tanto
983 1111 1170 1171 pondere
1212 1110 1330 1170 tellus

300 1190 435 1250 Pressa
466 1180 603 1240 gemat
644 1176 926 1236 placidumque
947 1179 1115 1239 nregaret
1168 1181 1356 1241 fructibus
1387 1181 1524 1241 anno¬

303 1266 375 1326 Sed
415 1254 544 1314 tamen
601 1248 617 1308 o
657 1245 818 1305 rabidi
866 1245 1061 1305 mueritas
1101 1247 1286 1307 auertere
1326 1247 1455 1307 poenas

308 1329 398 1389 Non
442 1320 603 1380 vnquam
656 1314 844 1374 dabite,
870 1312 960 1372 dnus
977 1312 1031 1372 sed
1076 1313 1254 1373 fulmna
1291 1314 1460 1374 pestans

310 1401 363 1461 pro
390 1394 523 1454 scelede
558 1386 727 1446 insando
763 1381 905 1441 statum
968 1380 1038 1440 sequ
1073 1380 1180 1440 mittet
1207 1381 1261 1441 sua
1296 1381 1367 1441 tela
1403 1384 1518 1444 norua

312 1470 358 1530 An
397 1459 514 1519 iterum
576 1451 740 1511 tantum
802 1450 989 1510 speratis
1042 1450 1097 1510 pec
1120 1449 1198 1509 tore
1230 1444 1369 1504 cumen

295 1531 385 1591 posse
412 1526 475 1586 tegi
501 1524 537 1584 et
591 1521 734 1581 nullam
797 1518 985 1578 seleratis
1031 1515 1147 1575 affere
1182 1511 1371 1571 poeniam.

312 1596 397 1656 Non
439 1594 466 1654 si
491 1591 679 1651 lerpguos
714 1588 841 1648 liceat
884 1586 1020 1646 celare
1055 1584 1123 1644 per
1158 1579 1285 1639 annos

312 1669 414 1729 Atqe
432 1663 619 1723 hommes
661 1658 747 1718 mun
790 1656 850 1716 tos
892 1656 1089 1716 simulata
1140 1655 1268 1715 fallere
1294 1655 1430 1715 mente

307 1739 385 1799 Non
429 1729 572 1789 tamen
615 1723 767 1783 excelsi
802 1721 946 1781 dabite
997 1722 1155 1782 vitare
1190 1726 1413 1786 tonantis

299 1806 540 1866 Dextram,
566 1797 634 1857 quo
680 1792 854 1852 meritis
901 1791 1035 1851 poenis
1075 1791 1188 1851 mala
1229 1795 1402 1855 crmina
1431 1806 1590 1866 persans

310 1873 467 1933 Affliget
519 1865 712 1925 minseros,
738 1861 800 1921 nec
843 1859 905 1919 vos
948 1858 1018 1918 hec
1054 1858 1175 1918 poena
1228 1861 1447 1921 relinquet

307 1939 457 1999 Quam
524 1931 666 1991 himul
715 1928 748 1988 et
790 1927 882 1987 vita
931 1927 965 1987 et
1007 1928 1090 1988 dele
1131 1932 1273 1992 finire
1315 1939 1506 1999 dolorem.

260 2013 377 2073 Talia
417 2001 673 2061 permanus
712 1999 859 2059 Ruben
909 2000 1046 2060 postqie
1077 2002 1254 2062 intonat
1293 2001 1371 2061 acer

295 2079 546 2139 Abripituqui
586 2071 686 2131 ferot
766 2069 937 2129 tandem
997 2072 1237 2132 respondet
1277 2079 1427 2139 Judas,

234 2162 250 2222 Q
323 2156 404 2216 eogo
461 2147 689 2207 fraternam
754 2141 876 2201 iures
932 2139 1144 2199 germmane
1177 2141 1331 2201 salutem

312 2229 404 2289 Nec
433 2221 555 2281 tollas
601 2213 741 2273 tantes
796 2208 1030 2268 furibundo
1068 2207 1217 2267 pectore
1254 2211 1440 2271 factus.
