2000 2581
305 133 433 193 um
474 126 578 186 minis
619 123 732 183 imiti
756 122 885 182 tristis
925 122 1063 182 marore
1087 119 1232 179 iacebam

373 198 443 258 Ne
489 190 675 250 Dominus
721 181 900 241 memorem
946 179 1093 239 fecerat
1131 180 1194 240 esse
1217 183 1287 243 sui¬

325 264 462 324 Qaius
496 257 564 317 opem
625 250 744 310 postes
787 245 992 305 trepidanti
1027 243 1104 303 vore
1146 243 1266 303 voram

382 333 425 393 In
458 330 566 390 suntia
598 322 782 382 assendit
825 315 890 375 vor
922 311 997 371 mea
1029 311 1149 371 castra
1181 315 1278 375 poli¬

323 405 451 465 Dns
490 399 539 459 n.
559 395 658 455 Dens
697 392 716 452 o
766 389 815 449 qu
835 388 924 448 nos,
944 386 992 446 qui
1012 386 1091 446 nur
1121 386 1150 446 ta
1189 388 1347 448 putrat
169 415 217 475 11

376 473 542 533 Ruas
584 464 689 524 tenet
730 460 823 520 forti
854 459 1011 519 condita
1042 460 1188 520 cuucta
1229 466 1385 526 manu.
177 490 228 550 31

311 546 431 606 Hnne
475 538 552 598 qutst
595 533 727 593 sancti
759 532 923 592 studiosa
945 532 1077 592 mente
1120 532 1305 592 sequunter
184 553 252 613 17.

362 606 472 666 Non
500 600 601 660 vana
638 595 776 655 cernent
831 594 858 654 se
877 594 1042 654 camisse
1070 594 1179 654 fide:
191 618 254 678 33.

353 676 489 736 pentiles
526 668 625 728 contra
656 666 708 726 que
723 665 875 725 mumna
920 665 1033 725 vana
1079 664 1260 724 verentur
193 692 234 752 30

388 745 497 805 Zum
544 735 664 795 vanis
709 732 865 792 videas
911 733 1123 793 sumbisse
1159 735 1233 795 DE.
1251 736 1324 796 15.
195 763 238 823 13

326 814 419 874 Spes
446 806 511 866 men
548 802 586 862 sit
622 800 753 860 Anus,
771 800 798 860 ei
845 801 965 861 prates
1003 804 1161 864 reddere
1207 807 1263 867 fus
1290 808 1346 868 et

394 885 489 945 Qui
517 881 595 941 dect
622 877 691 937 &amp;
709 875 814 935 larga
858 873 1016 933 reddere
1051 873 1139 933 Nvota
1182 873 1331 933 manu.

200 976 250 1036 11
342 972 372 1032 In
403 968 435 1028 se
466 961 569 1021 solus
590 955 673 1015 enim
725 951 746 1011 3
766 947 902 1007 pantes
943 944 1109 1004 pertore
1140 943 1254 1003 firmo

379 1041 531 1101 Tripit
578 1027 645 1087 hoc
673 1020 815 1080 manat
872 1015 967 1075 forte
995 1015 1147 1075 berigna
1195 1019 1317 1079 salus.

330 1124 417 1184 alia
468 1110 590 1170 dimino
627 1099 821 1159 rantatat
865 1094 1060 1154 carimne
1096 1095 1212 1155 vater

387 1184 668 1244 Collandans
711 1171 829 1231 vires
872 1168 1101 1228 inditirg
1144 1165 1245 1225 Dei¬

331 1265 502 1325 Astegit
559 1246 778 1306 profugum
823 1238 868 1298 de
893 1234 1006 1294 sumo
1030 1234 1155 1294 xtire
1191 1235 1306 1295 caeli¬

404 1333 675 1393 Dnimpotens
757 1313 901 1373 seleris
947 1308 1029 1368 quem
1091 1306 1273 1366 puduisse
1299 1312 1408 1372 videt

358 1409 579 1469 Condomatt
601 1392 723 1452 culpas
745 1386 801 1446 &amp;
823 1383 923 1443 vitae
956 1381 1067 1441 facta
1111 1381 1289 1441 prioris,

394 1482 552 1542 Altera
602 1470 701 1530 sona
749 1463 835 1523 tibi
859 1458 994 1518 pugna
1044 1456 1178 1516 parate
1215 1458 1277 1518 ait

338 1558 523 1618 Intrabis
583 1542 808 1602 Ninenen,
827 1532 945 1592 pages
975 1528 1064 1588 mea
1103 1529 1191 1589 iussa
1230 1537 1436 1597 fremenda
1531 1547 1688 1607 Sermnda
1722 1550 1812 1610 Jonae
1599 1596 1707 1656 Vocatio

378 1620 472 1680 Hei
503 1613 640 1673 mimius
681 1607 775 1667 seleg
838 1604 974 1664 ctamor
1005 1603 1036 1663 in
1068 1603 1172 1663 astra
1203 1606 1297 1666 volat

335 1702 439 1762 Nen
482 1690 631 1750 moneat
684 1681 771 1741 quod
814 1678 858 1738 sit
910 1675 1059 1735 ventosa
1102 1676 1216 1736 laude
1250 1680 1381 1740 supba¬

411 1771 458 1831 Ta
493 1764 576 1824 mea
623 1757 694 1817 fac
730 1751 861 1811 pagas
907 1748 955 1808 quae
966 1747 1037 1807 titi
1060 1746 1156 1806 iussa
1215 1748 1320 1808 fero.

319 1841 548 1901 Vixerat:
571 1831 633 1891 hic
671 1825 809 1885 animo
847 1821 970 1881 vigili
1000 1820 1115 1880 prius
1153 1820 1246 1880 acta
1291 1824 1490 1884 reuoluens

388 1911 594 1971 Alternat
642 1898 774 1958 varias
814 1896 922 1956 corde
954 1897 1094 1957 dolente
1126 1898 1282 1958 vices.

325 1993 431 2053 Non
475 1984 501 2044 tn
546 1978 704 2038 altisoni
730 1973 863 2033 detrec
881 1972 951 2032 tat
987 1972 1110 2032 nobile
1136 1973 1277 2033 munus

388 2064 487 2124 Nec
530 2056 629 2116 modo
672 2050 739 2110 pro
760 2047 870 2107 solito
903 2044 980 2104 dat
1023 2044 1090 2104 sua
1122 2044 1232 2104 terga
1275 2048 1406 2108 fuga.
