2000 2581
300 218 385 278 Fen.
402 214 436 274 12
494 209 593 269 Non
623 207 654 267 in
685 207 830 267 errorum
883 207 952 267 satis
982 209 1074 269 est,
1097 211 1166 271 mox
1211 214 1364 274 tollimus
1403 217 1471 277 illin

564 268 764 328 Promissum
825 266 833 326 a
878 266 1024 326 domino
1062 268 1131 328 dum
1193 272 1270 332 petis
1307 275 1369 335 ipse
1400 277 1522 337 solum.

518 337 594 397 Hoc
635 331 677 391 vt
712 326 933 386 contiginuis
981 327 1162 387 gandenti
1203 332 1279 392 fine
1300 336 1452 396 latorum

575 392 655 452 Mox
690 389 842 449 grauius
887 388 1012 448 surgit
1056 388 1109 448 quae
1127 389 1207 449 fuit
1243 392 1332 452 ante
1367 398 1538 458 malum.

520 454 613 514 Nam
671 447 772 507 negat
814 446 874 506 hec
907 446 1017 506 tellus
1060 450 1211 510 fenges,
1228 456 1439 516 sterilesque
1456 459 1489 519 qpra
1499 461 1591 521 agros

555 521 606 581 Et
651 512 768 572 vamo
807 506 943 566 reguat
1001 506 1130 566 corpore
1183 511 1293 571 uuda
1338 518 1499 578 fames.

519 590 609 650 Him
680 577 811 637 rursus
850 572 952 632 sueto
981 570 1083 630 terum
1132 571 1263 631 defessa
1304 577 1423 637 latore

571 656 730 716 Applicor
759 643 788 703 in
818 638 947 698 terras
987 636 1085 696 Nile
1115 638 1263 698 retorte
1294 641 1413 701 tuas.

520 729 603 789 His
632 716 697 776 vbi
726 707 800 767 dum
857 699 998 759 metuis
1035 696 1138 756 regem
1204 700 1401 760 iminug
1447 711 1551 771 veris

582 780 716 840 Perdita
761 765 923 825 consilijs
949 761 1012 821 sum
1066 760 1128 820 quide
1146 760 1227 820 pere
1253 761 1334 821 tuis

525 849 586 909 Sed
625 837 749 897 tamen
788 826 919 886 cripuit
966 822 1151 882 dominus
1213 823 1291 883 num
1344 827 1437 887 passa
1476 834 1607 894 timure

571 900 638 960 sum
693 893 788 953 nihil
822 888 993 948 excepto,
1014 887 1116 947 rasta
1156 888 1306 948 pudore
1340 891 1559 951 manens.

529 960 620 1020 Him
692 954 783 1014 vteri
820 950 938 1010 postquie
965 948 1185 1008 lanquentia
1230 950 1394 1010 numera
1439 955 1530 1015 vidi

582 1017 747 1077 cionere
793 1013 853 1073 nec
892 1009 1045 1069 inseram
1104 1008 1183 1068 posse
1216 1009 1368 1069 fauente
1408 1015 1493 1075 Deo¬

523 1095 543 1155 E
594 1088 654 1148 vid
706 1080 757 1140 fer
787 1073 930 1133 infalit
1002 1069 1145 1129 (dolor
1165 1069 1185 1129 e
1215 1070 1390 1130 memisse
1420 1077 1603 1137 priorum)

623 1150 749 1210 Quod
793 1138 903 1198 facere
933 1134 962 1194 in
1014 1131 1125 1191 terrib
1162 1131 1309 1191 foeriuna
1353 1135 1442 1195 rara
1478 1140 1604 1200 velit)

573 1225 600 1285 n
627 1216 718 1276 Agar
755 1204 910 1264 anillam
965 1199 1093 1259 lectum
1139 1199 1376 1259 constendere
1403 1204 1559 1264 nostrum
514 1224 524 1284 D
288 1233 385 1293 Gen.
398 1229 425 1289 16

572 1278 625 1338 Et
663 1269 747 1329 Redi
777 1266 799 1326 in
838 1263 1042 1323 amplixus
1088 1264 1164 1324 posse
1194 1266 1324 1326 venire
1369 1269 1475 1329 tuos.

528 1339 604 1399 Illa
650 1330 746 1390 ferox
794 1327 907 1387 postqi
945 1327 982 1387 se
1012 1329 1211 1389 concepisse
1248 1331 1381 1391 videret

574 1400 631 1460 Ne
652 1393 731 1453 repit
774 1387 953 1447 dominam
1003 1386 1146 1446 5prere
1174 1388 1303 1448 inqua
1346 1392 1467 1452 suam.

538 1462 636 1522 Quid
662 1452 779 1512 factrem
850 1448 948 1508 palsa
975 1448 1029 1508 est
1064 1449 1144 1509 nus
1171 1454 1359 1514 laribusque
1376 1457 1520 1517 domoque

584 1527 669 1587 Vixq
712 1516 796 1576 bene
822 1512 958 1572 exicrat
1034 1513 1170 1573 rettalit
1204 1516 1256 1576 illa
1297 1518 1443 1578 pedem.

525 1584 698 1644 Quidue
733 1576 775 1636 ego
802 1574 888 1634 num
949 1573 1070 1633 credam
1148 1577 1217 1637 mex
1252 1580 1373 1640 captus
1408 1587 1528 1647 amore

574 1651 677 1711 Mins
724 1638 882 1698 renouas
922 1635 1080 1695 pristina
1127 1640 1206 1700 iura
1254 1646 1333 1706 tori

565 1720 617 1780 ur
650 1709 769 1769 etenim
829 1699 964 1759 dubitem
1024 1697 1092 1757 cum
1134 1698 1177 1758 sib
1202 1700 1270 1760 tam
1321 1706 1440 1766 lentus
1474 1711 1499 1771 in
1524 1716 1584 1776 ira

623 1776 675 1836 um
729 1767 798 1827 non
843 1762 984 1822 nujrias
1029 1761 1064 1821 in
1099 1762 1170 1822 tua
1213 1764 1302 1824 iura
1346 1769 1496 1829 manus

529 1837 651 1897 Quod
692 1833 716 1893 si
742 1832 790 1892 quis
807 1829 929 1889 rapiat
971 1829 1110 1889 pendes
1142 1831 1299 1891 agnosue
1331 1840 1486 1900 bonesue

574 1902 663 1962 Nox
693 1892 834 1952 raperes
871 1890 990 1950 celeri
1035 1892 1146 1952 fortia
1191 1896 1251 1956 tda
1287 1900 1443 1960 manu,

550 1963 693 2023 oninge
724 1958 765 2018 sed
816 1956 919 2016 rapta
949 1954 1021 2014 non
1063 1954 1134 2014 vlla
1175 1956 1288 2016 gicula
1340 1961 1462 2021 tentas

574 2030 637 2090 Et
674 2020 810 2080 metnis
846 2016 938 2076 quuis
993 2016 1102 2076 causa
1138 2020 1303 2080 timoris
1348 2028 1475 2088 abest.
