2000 2581
287 180 356 240 dcis
391 177 550 237 domina
591 175 612 235 in
647 173 806 233 quantis
833 173 965 233 xsente
1007 173 1076 233 saepe
1110 173 1214 233 pidlis

279 236 401 296 Aulas
442 235 499 295 qui
532 233 679 293 prevumm
728 232 900 292 querunt
948 231 1039 291 atque
1055 232 1210 292 agmina
1259 234 1365 294 vegum

265 299 315 359 Et
346 297 390 357 liq
439 293 614 353 innorus
658 291 763 351 nulla
795 290 932 350 insint
976 289 1150 349 dimina
1194 290 1281 350 vitae

966 347 1161 407 lauamque
1191 348 1326 408 cauere
285 358 337 418 Vix
371 353 512 413 tamen
564 351 758 411 immidiam
816 348 931 408 diram

1097 381 1120 441 10
950 383 1011 443 mu
1057 385 1081 445 1
282 414 433 474 Possunt
470 409 555 469 quin
597 407 723 467 stulti
760 408 923 468 subrant
960 409 1116 469 audatia
1153 408 1262 468 vulgi

287 475 412 535 Quid
468 469 552 529 fore
586 468 663 528 tum
705 468 852 528 specat
879 469 956 529 aius
970 470 997 530 si
1019 470 1193 530 reimine
1214 467 1332 527 tanto

1328 512 1331 572 5
286 535 458 595 Obratus
489 527 645 587 accedat
700 526 825 586 vulgi
849 527 888 587 quae
903 529 1122 589 iurmura
1161 531 1302 591 sureent

208 599 243 659 31
264 594 361 654 Nam
409 588 520 648 velut
569 586 597 646 in
624 585 722 645 facie
749 586 889 646 neuus
923 588 1104 648 turpisue
1139 594 1284 654 riratrix

224 659 237 719 n
285 650 428 710 Arguit
482 644 631 704 citius,
645 644 692 704 sic
712 644 760 704 &amp;
780 645 814 705 si
835 647 1004 707 crimine
1039 650 1201 710 primcess

234 717 241 777 e
282 708 450 768 sollatus
492 701 625 761 fuerit
687 700 826 760 mucti
847 701 910 761 sua
952 704 1126 764 cimina
1168 709 1321 769 termuit

234 776 266 836 in
289 770 345 830 dit
385 759 511 819 tamen
560 755 599 815 vt
622 754 726 814 possit
766 756 916 816 factum
965 761 1020 821 hoc
1051 767 1226 827 crimenque
1242 773 1353 833 latere

237 832 247 892 a
285 826 343 886 Ius
381 819 410 879 tn
449 815 487 875 et
516 811 602 871 leges
631 809 709 869 nun
765 810 958 870 inqrante
996 821 1188 881 horesti.

299 878 496 938 senditus
524 872 541 932 e
577 869 747 929 patria,
766 872 998 932 locuinquis
1043 883 1187 943 ductus
1213 890 1240 950 ab
1277 896 1348 956 oris

288 941 443 1001 Infoelix
481 933 609 993 vem,
629 932 721 992 quem
775 932 849 992 tum
905 938 1089 998 meraede
1125 947 1356 1007 redemptum

278 1003 500 1063 Princeps,
527 995 555 1055 in
593 992 769 1052 famnili
797 993 917 1053 specie
955 1000 1112 1060 deduxit
1150 1007 1196 1067 ad
1232 1013 1345 1073 aedes.

283 1076 372 1136 Mor
402 1064 443 1124 tn
482 1053 691 1113 indignum
740 1054 860 1114 tanto
890 1060 1099 1120 dignatus
1129 1070 1278 1130 honore
1298 1074 1348 1134 v¬

297 1132 338 1192 si
371 1123 445 1183 dem
496 1115 512 1175 e
545 1112 703 1172 famulo
735 1114 885 1174 faceret
926 1121 1116 1181 iuramque
1133 1132 1299 1192 bonorum

282 1177 534 1237 Mandaret
578 1172 729 1232 nobis,
750 1173 851 1233 ades
865 1175 923 1235 &amp;
938 1180 1097 1240 sinuld
1139 1190 1283 1250 dextrae

281 1238 515 1298 Subijreret
543 1232 724 1292 prostrae,
742 1232 769 1292 se
805 1232 841 1292 tn
878 1234 940 1294 suo
977 1239 1050 1299 sola
1085 1247 1230 1307 relicta
1266 1258 1301 1318 es

291 1304 337 1364 Vt
374 1296 476 1356 seria
514 1290 599 1350 heic
635 1289 720 1349 esses
756 1291 925 1351 coniung
971 1299 1176 1359 rastumque
1194 1307 1306 1367 nubile

293 1358 491 1418 Intrares
520 1351 665 1411 rasta,
681 1350 776 1410 haud
805 1351 900 1411 etiam
951 1353 981 1413 im
1032 1358 1200 1418 corparis
1229 1363 1346 1423 haius

286 1420 348 1480 Jus
376 1414 529 1474 dedit,
550 1411 584 1471 et
620 1410 696 1470 tali
724 1410 765 1470 ad
793 1410 876 1470 num
919 1412 953 1472 tu
994 1416 1162 1476 correpta
1210 1424 1328 1484 furore

286 1479 451 1539 prodere
484 1469 629 1529 regales
661 1465 860 1525 thalamos
893 1470 1114 1530 samtumg
1158 1484 1268 1544 eutile

292 1537 473 1597 Justituis
511 1529 646 1589 firuo.
669 1526 707 1586 quo
722 1525 752 1585 te
782 1525 978 1585 dementia
1016 1531 1129 1591 verat

290 1597 435 1657 Numq
480 1585 587 1645 putas
626 1581 771 1641 tantum
832 1582 894 1642 me
924 1585 978 1645 ine
1009 1591 1199 1651 comittere
1231 1601 1306 1661 posse

289 1653 450 1713 Crimen
484 1646 526 1706 et
561 1642 756 1702 inquatus
790 1643 985 1703 thalamos
1019 1652 1163 1712 coaesende
1189 1666 1325 1726 leriles

285 1714 434 1774 Optem,
442 1707 498 1767 &amp;
513 1704 584 1764 non
616 1702 710 1762 licito
742 1703 970 1763 marulare
1001 1713 1151 1773 cubilia
1190 1725 1300 1785 Comm

233 1776 345 1836 Sit
377 1768 427 1828 liqu
449 1765 479 1825 in
510 1761 674 1821 mundo
706 1760 840 1820 nullus
870 1763 922 1823 quoe
932 1770 1117 1830 crimina
1158 1785 1281 1845 tanta

225 1839 264 1899 en
284 1827 511 1887 Cernat,
520 1822 579 1882 sed
609 1821 697 1881 deuis
726 1822 786 1882 est
825 1826 973 1886 vindex
1003 1838 1239 1898 iustissimus
1258 1854 1387 1914 aequi¬

235 1887 476 1947 ntmme
513 1878 588 1938 qui
616 1877 718 1937 peprio
755 1882 959 1942 mundum
1016 1893 1099 1953 atque
1117 1906 1397 1966 arcanatture

230 1955 240 2015 n
289 1942 497 2002 omnia,
527 1936 595 1996 hec
626 1936 784 1996 poterit
813 1940 903 2000 quaeqe
922 1946 1061 2006 huinus
1080 1956 1229 2016 fallere
1258 1968 1445 2028 mentem.

185 2013 327 2073 Talia
369 2007 432 2067 non
460 2003 588 2063 potuit
630 2001 764 2061 inulier
806 2003 933 2063 pupta
968 2010 1166 2070 monentis

299 2068 434 2128 Accige
465 2060 652 2120 infoelix,
674 2061 756 2121 quin
798 2064 881 2124 mox
922 2069 995 2129 hec
1036 2078 1213 2138 obstrepat
1234 2085 1327 2145 illis

285 2133 442 2193 Instat
489 2127 657 2187 gmissis
693 2128 815 2188 simul
852 2139 1214 2199 Nlachrymasque
1224 2149 1344 2209 presqe

281 2200 525 2260 Admissens
564 2194 715 2254 trepida
752 2197 941 2257 infansto
969 2204 1130 2264 lactate
1158 2210 1290 2270 amore
