2000 2581
696 146 971 206 DaVIVI.

396 197 583 257 Wescibam
640 202 834 262 Lanenens
875 205 988 265 vnde
1029 206 1183 266 veniret
1224 208 1337 268 einis.

870 245 1026 305 ommarse
320 266 390 326 Et
426 269 516 329 nona
561 271 617 331 iam
687 275 818 335 prime
859 278 1055 338 nemt
1121 281 1252 341 conna
1297 282 1403 342 Lund

674 318 820 378 fratris
863 320 1014 380 tumine
1058 321 1161 381 texta
384 340 434 400 Et
479 340 578 400 seruel
610 340 617 400 a
673 343 824 403 proprio
868 349 1018 409 cendita
1075 355 1194 415 fuites
1232 358 1301 418 fuit

457 376 551 436 Hama
710 387 806 447 cresit
335 411 516 471 deserbati
575 415 699 475 nonum
749 417 923 477 concepta
968 422 1113 482 pendus
1157 427 1185 487 in
1222 432 1302 492 aluo

638 458 750 518 munt
928 466 1050 526 ednien
383 483 466 543 Hei
488 482 594 542 milsi
624 483 640 543 t
776 489 895 549 video
949 496 1062 556 quade
1092 502 1242 562 onusque
1265 507 1416 567 meun.

560 519 731 579 consuepit
315 558 374 618 Sei
392 552 527 612 incluso
561 552 747 612 codpebat
799 559 943 619 semine
985 565 1121 625 corpus

389 623 526 683 Quo
565 623 656 683 nato
703 626 824 686 possim
878 631 992 691 dicier
1039 635 1099 695 esse
1138 642 1267 702 parens

324 694 451 754 Quid
487 693 615 753 gandes
661 694 707 754 de
734 696 788 756 me
852 702 934 762 quae
970 706 1017 766 na
1062 712 1126 772 hec
1171 722 1354 782 victoria
1399 732 1508 792 tanta
1545 738 1599 798 es

390 764 576 824 Succubui
616 764 706 824 forti
754 768 923 828 faemina
980 775 1093 835 parua
1134 783 1247 843 viro.

334 838 471 898 Numc
511 838 640 898 aderit
689 841 810 901 coniux
866 847 1084 907 conceptaque
1100 855 1270 915 crimina
1310 865 1455 925 cernet.

394 911 528 971 Quis
562 915 668 975 vetat
710 919 808 979 illius
857 923 899 983 ne
941 925 1074 985 insera
1117 927 1180 987 ense
1215 927 1327 987 cadam

313 980 412 1040 Hoc
440 982 558 1042 quoque
576 983 612 1043 tu
648 988 821 1048 meturs,
848 994 946 1054 quuis
1001 999 1101 1059 sacra
1146 1003 1273 1063 sceptra
1309 1003 1471 1063 puties.

392 1066 527 1126 Nesi
580 1064 746 1124 Consilio
799 1068 913 1128 nescis
955 1074 1028 1134 quo
1070 1080 1132 1140 ina
1185 1085 1300 1145 facta
1341 1090 1466 1150 tepas.

319 1138 552 1198 Accersitus
590 1135 707 1195 adest
756 1139 891 1199 coniux
930 1144 969 1204 et
998 1150 1124 1210 costra
1164 1158 1328 1218 reliquit

394 1209 443 1269 Vt
487 1208 609 1268 patris
658 1211 815 1271 alterius
873 1218 1037 1278 nomina
1088 1227 1181 1287 falsa
1223 1233 1380 1293 ferat.

328 1282 465 1342 Hunc
515 1280 644 1340 sensisse
685 1284 783 1344 dolum
840 1291 930 1351 credo
978 1298 1051 1358 vel
1092 1307 1254 1367 mumine
1296 1313 1417 1373 motum

391 1356 501 1416 Non
547 1356 702 1416 voluisse
739 1359 804 1419 suae
840 1363 959 1423 limen
1005 1372 1106 1432 adire
1142 1384 1298 1444 donns.

344 1432 486 1492 Quid
536 1429 653 1489 tamen
703 1432 761 1492 hoc
794 1439 912 1499 prodest
986 1452 1137 1512 alienis
1179 1464 1345 1524 considit
1387 1473 1496 1533 armnis

392 1513 616 1573 Qrodidit
673 1517 781 1577 lunc
823 1523 988 1583 iiserum
1038 1535 1211 1595 prinis,
1237 1543 1278 1603 ab
1311 1549 1410 1609 hoste
1444 1555 1526 1615 pit.

364 1591 436 1651 psa
476 1588 578 1648 domo
628 1588 762 1648 vidua
822 1592 934 1652 sedeo
986 1598 1046 1658 sua
1098 1608 1250 1668 funera
1292 1626 1474 1686 lugens,

402 1667 535 1727 Altera
564 1666 616 1726 &amp;
646 1667 779 1727 amisso
823 1671 912 1731 cura
964 1679 1119 1739 pudore
1156 1690 1274 1750 venit

326 1739 471 1799 Quid
518 1740 645 1800 faciam
701 1744 855 1804 infaelis
902 1748 984 1808 quae
1011 1754 1112 1814 mine
1149 1761 1268 1821 mihi
1304 1773 1451 1833 comoda
1487 1787 1569 1847 spem

401 1815 463 1875 Qu
531 1814 655 1874 veniet
709 1818 832 1878 morto
880 1825 1010 1885 tanta
1050 1834 1200 1894 medela
1242 1844 1344 1904 meo.

342 1894 384 1954 In
427 1889 648 1949 lartzrgunis
700 1893 869 1953 lucem,
890 1904 1100 1964 lachepiis
1154 1917 1226 1977 tero
1259 1924 1375 1984 tempo
1406 1933 1522 1993 noctis

390 1974 454 2034 Et
485 1970 592 2030 patet
635 1970 667 2030 in
710 1975 879 2035 gemitus
922 1985 1061 2045 vndiq
1114 1993 1156 2053 ea
1189 2000 1317 2060 meos.

323 2051 460 2111 Eut
497 2050 534 2110 in
580 2050 672 2110 linc
718 2054 856 2114 noctis
901 2060 1011 2120 mihi
1049 2068 1141 2128 spes
1205 2073 1260 2133 sub
1297 2078 1472 2138 imagine
1508 2082 1600 2142 venit

398 2136 458 2196 An
492 2132 577 2192 pror
611 2130 713 2190 hanc
765 2130 910 2190 falsam
969 2132 1012 2192 ne
1063 2135 1174 2195 velit
1217 2137 1250 2197 ee
1302 2139 1387 2199 Dens
