2000 2581
832 138 852 198 3
897 140 1038 200 ETH.
1051 139 1064 199 S
1090 138 1128 198 A.
1141 138 1180 198 B.
1193 138 1231 198 A.

1126 192 1251 252 confecta
458 220 614 280 Nempe
646 220 684 280 vt
709 221 786 281 eram
833 223 935 283 imper
982 226 1084 286 tristi
1115 228 1248 288 defessa
1287 228 1404 288 dolore

531 291 691 351 Obrepit
731 294 931 354 lactergmis
978 295 1130 355 lumina
1170 294 1258 354 fesse
1290 292 1402 352 sopor.

469 360 566 420 Vtque
592 360 673 420 dedi
715 361 820 421 molli
870 362 1033 422 puluine
1074 365 1156 425 colla
1197 367 1360 427 ferenda

512 435 582 495 Hec
605 432 708 492 mihi
739 431 951 491 lanquenti
982 434 1115 494 noctis
1154 438 1288 498 image
1327 440 1460 500 venit¬

470 506 621 566 Hortus
652 505 732 565 erat
780 506 930 566 vernus
993 508 1168 568 florenti
1208 512 1366 572 gramine
1406 513 1525 573 densus

519 582 664 642 Linus
702 582 779 642 erat
833 581 948 641 medio
994 581 1093 641 dulce
1139 582 1308 642 sonantis
1346 585 1453 645 aquae

464 659 572 719 Non
607 655 761 715 decrant
806 654 958 714 violae,
977 654 1048 714 non
1094 655 1175 715 lilia
1228 657 1363 717 pulesra
1417 661 1480 721 nec
1506 664 1579 724 ipso

541 732 691 792 Matris
750 726 917 786 Acidaliae
959 724 1135 784 sampine
1177 725 1310 785 tincta
1360 730 1436 790 vosa

460 805 701 865 Rosmanis
743 802 760 862 &a
818 800 1010 860 laurus,
1043 798 1226 858 merthus
1259 799 1301 859 que
1334 800 1434 860 nigra
1476 804 1584 864 colore

527 878 581 938 Et
618 877 753 937 pulcher
798 875 942 935 placido
1006 873 1105 933 flove
1142 873 1385 933 Apaenthus
1422 878 1530 938 olet¬

467 950 594 1010 Suma
650 948 745 1008 tenet
802 946 968 1006 gelides
1016 944 1111 1004 daro
1168 944 1255 1004 fens
1287 944 1462 1004 pulesrior
1493 949 1613 1009 anno¬

539 1022 730 1082 Credetam
798 1018 873 1078 tali
913 1017 1050 1077 mumen
1097 1016 1214 1076 inesse
1261 1016 1336 1076 toco

459 1099 573 1159 Hic
594 1093 646 1153 ego
677 1091 740 1151 rum
791 1091 948 1151 spatior
989 1094 1123 1154 tristis
1165 1097 1290 1157 solatia
1320 1099 1445 1159 luctus

525 1171 744 1231 Inquirens
795 1165 961 1225 pulcheas
1014 1166 1138 1226 vergne
1180 1171 1356 1231 refringe
1397 1176 1521 1236 resas.

478 1257 530 1317 Vt
574 1249 660 1309 vero
696 1244 801 1304 curis
861 1243 1045 1303 studiisque
1071 1246 1237 1306 intenta
1281 1251 1420 1311 legendi

525 1323 758 1383 Proeredior
836 1321 982 1381 videor
1021 1320 1050 1380 te
1099 1320 1206 1380 prope
1235 1321 1362 1381 adesse
1391 1322 1517 1382 mihi¬

466 1400 611 1460 Dexter
647 1394 757 1454 Lena
793 1392 902 1452 tenet
939 1392 1185 1452 citharam,
1203 1394 1393 1454 resonans
1439 1399 1503 1459 tua
1548 1404 1694 1464 dextera
1739 1411 1866 1471 plectu

542 1470 776 1530 Purpurens
821 1467 967 1527 fuerat
1011 1469 1143 1529 veste
1173 1472 1326 1532 intente
1356 1473 1473 1533 color.

478 1555 535 1615 St
591 1552 714 1612 video
791 1549 942 1609 indoleo
1027 1550 1216 1610 trepidis
1264 1551 1330 1611 vox
1386 1555 1567 1615 fanibus
1595 1559 1699 1619 heret

524 1628 582 1688 Et
625 1625 810 1685 retinent
861 1626 1054 1686 stupides
1113 1631 1265 1691 frigora
1306 1636 1416 1696 lenta
1458 1642 1592 1702 pedes.

463 1712 663 1772 Accelevas
708 1707 753 1767 ad
798 1706 862 1766 nes
926 1707 1089 1767 dextuam
1161 1713 1234 1773 tua
1289 1719 1442 1779 dextera
1488 1727 1614 1787 pudit

535 1794 645 1854 Atque
668 1789 761 1849 aedis
801 1788 903 1848 tales
941 1788 996 1848 ore
1026 1789 1214 1849 tramente
1269 1793 1409 1853 sonos.

453 1870 609 1930 Quid
660 1866 754 1926 facis
796 1865 869 1925 hei
900 1866 1034 1926 tristis
1076 1869 1201 1929 nim?
1233 1872 1326 1932 quid
1377 1876 1513 1936 poctora
1554 1879 1658 1939 luctu

538 1943 733 2003 Confiris
777 1940 988 2000 incultus
1032 1944 1099 2004 cur
1133 1949 1312 2009 iitetore
1346 1953 1499 2013 pudor?

466 2032 537 2092 An
586 2023 667 2083 quia
708 2019 778 2079 vir
808 2019 939 2079 recidit
999 2023 1150 2083 cendeli
1191 2029 1361 2089 perditus
1391 2034 1472 2094 erse

535 2112 639 2172 Non
686 2102 813 2162 capies
860 2101 1000 2161 animo
1046 2104 1210 2164 gandia
1244 2111 1372 2171 grata
1407 2115 1476 2175 tuo
