2000 2581
248 174 324 234 Dic
352 174 447 234 etiam
514 176 666 236 mulier
703 179 874 239 princeps
903 182 959 242 qua
1007 183 1159 243 valuera
1196 180 1378 240 ternens,

300 246 389 306 Non
424 247 576 307 studat
622 249 809 309 vlterius
854 251 1014 311 solitis,
1023 252 1094 312 non
1140 251 1273 311 pandia
1309 249 1416 309 curat

298 322 537 382 Cristina,
550 321 609 381 nec
656 320 842 380 recreant
882 319 1040 379 iniseram
1100 319 1154 379 mo
1186 320 1279 380 dicta
1313 321 1458 381 mariti¬

298 397 464 457 Craudia
505 392 574 452 non
623 390 816 450 querit,
830 390 954 450 solites
996 390 1065 450 non
1107 392 1238 452 captat
1273 395 1459 455 henores,

291 472 354 532 sed
398 466 498 526 semp
551 461 695 521 puerum
758 460 947 520 infollirem
1009 461 1162 521 spectat
1208 463 1332 523 Poseph.

304 545 311 605 D
354 538 485 598 quoties
528 532 644 592 molli
680 531 818 591 mnsera
854 531 920 591 haec
963 533 1151 593 exterrita
1194 533 1310 593 sonno

299 609 476 669 Ingemit
513 605 565 665 &amp;
579 603 735 663 trsteis
772 602 926 662 afflicto
964 602 1075 662 corde
1104 604 1229 664 quelas

288 675 520 735 Effendens
562 669 712 729 gerium
761 667 861 727 ebis
911 667 1060 727 inersat
1103 670 1310 730 amorem.

236 750 336 810 Nei
363 746 472 806 mihsi
497 743 557 803 que
573 741 801 801 velemens
844 739 928 799 raero
961 739 1021 799 sub
1063 740 1223 800 pectore
1257 743 1384 803 fama

295 818 476 878 Aestuat
524 813 582 873 ali
615 811 787 871 iiserae,
811 809 902 869 quis
942 809 1016 869 ie
1049 810 1180 870 malus
1197 812 1344 872 abstulit
1369 816 1501 876 eevor¬

297 889 530 949 Dformose
567 882 705 942 puer,
735 880 815 940 quis
858 879 895 939 te
932 878 1128 938 succedere
1173 877 1303 937 nostris

284 959 461 1019 Acdibus
500 952 569 1012 tei
598 949 727 1009 volnit
805 946 923 1006 talem
982 947 1012 1007 vt
1052 947 1129 1007 mea
1169 952 1306 1012 pectora
1337 958 1474 1018 Hamai

290 1025 510 1085 concigent
559 1017 771 1077 tristem,
795 1014 958 1074 magui
983 1015 1098 1075 mulii
1122 1016 1252 1076 caussa
1293 1023 1423 1083 dolovis

287 1092 343 1152 Illa
384 1089 474 1149 dies,
491 1085 573 1145 mis
614 1082 655 1142 quae
671 1081 695 1141 te
729 1079 909 1139 primum
950 1081 1236 1141 attulitoris.

292 1150 500 1210 Qvtiuam
551 1145 699 1205 nunque
725 1144 752 1204 iu
794 1144 915 1204 sextem
977 1149 1184 1209 Amninis
1219 1157 1288 1217 ora

303 1211 471 1271 Vidisses
514 1210 682 1270 sernns,
696 1210 762 1270 nec
799 1211 930 1271 ctarae
960 1215 1119 1275 moenia
1164 1223 1376 1283 Nempris.

289 1280 388 1340 Non
433 1272 470 1332 im
531 1268 637 1328 nune
690 1268 841 1328 tantus
879 1272 962 1332 mea
1008 1278 1060 1338 pec
1075 1282 1159 1342 tora
1196 1290 1325 1350 rarpit
1356 1299 1468 1359 ionis,

288 1344 368 1404 Nec
402 1333 553 1393 peterem
606 1328 757 1388 infoelix
801 1331 907 1391 dirae
942 1340 1146 1400 succumbe
1181 1351 1314 1411 culrae

295 1403 457 1463 deeliira
499 1396 584 1456 quid
626 1395 802 1455 tentas.
831 1397 902 1457 quo
937 1401 1057 1461 nunc
1093 1407 1163 1467 tua
1198 1413 1304 1473 corda
1339 1422 1467 1482 farore

281 1463 523 1523 Infargund
570 1460 748 1520 trepidae
804 1462 898 1522 quite
926 1464 1037 1524 rapit
1075 1470 1206 1530 impia
1243 1478 1365 1538 fama

285 1532 447 1592 Enigila
489 1529 650 1589 tandem
710 1528 915 1588 sapiens,
931 1532 1178 1592 somnunque
1195 1537 1365 1597 preundum

282 1596 449 1656 Eaente
523 1596 603 1656 non
643 1595 717 1655 alij
750 1594 818 1654 tibi
851 1594 965 1654 mine
1005 1595 1206 1655 Hemene

287 1663 459 1723 Spandi
494 1661 718 1721 fuerinte,
735 1661 770 1721 te
805 1661 890 1721 num
969 1662 1167 1722 conmubia
1201 1668 1357 1728 seruant

286 1731 594 1791 contracta,
619 1729 727 1789 haud
769 1728 885 1788 alium
943 1729 1018 1789 fas
1051 1729 1101 1789 est
1134 1732 1251 1792 spare
1285 1738 1426 1798 maritu

289 1802 377 1862 Hei
410 1799 450 1859 im
514 1797 604 1857 quis
644 1795 814 1855 rasus,
838 1795 887 1855 quae
903 1795 960 1855 me
992 1797 1170 1857 fortuna
1211 1802 1372 1862 manebit

277 1869 370 1929 Hei
394 1866 434 1926 in
488 1863 582 1923 num
652 1859 816 1919 quanto
849 1859 1067 1919 rruciante
1106 1866 1224 1926 corda
1255 1875 1396 1935 dolore.

290 1935 384 1995 Non
424 1929 582 1989 equidem
637 1925 788 1985 ipnoro
827 1925 922 1985 quam
977 1926 1025 1986 sit
1072 1929 1183 1989 mihi
1207 1935 1293 1995 rasta
1333 1945 1451 2005 teneda

298 1999 566 2059 Coniupijque
588 1993 685 2053 fides
728 1992 921 2052 copulatae
953 1994 997 2054 et
1029 1998 1136 2058 faeda
1180 2009 1362 2069 dextrae,

277 2069 459 2129 Pestora
506 2065 546 2125 at
585 2061 776 2121 interius
815 2060 926 2120 alius
957 2061 1020 2121 ini
1052 2071 1384 2131 gmronetionis,

287 2141 375 2201 Hei
403 2134 559 2194 trepido
597 2130 791 2190 infaelix,
810 2131 937 2191 gelido
975 2133 1015 2193 in
1082 2139 1266 2199 membra
1305 2148 1460 2208 timore
