2000 2581
287 157 420 217 Nunc
456 158 568 218 faciem
624 158 785 218 pulchram
834 158 911 218 bene
940 157 1059 217 olentis
1093 156 1192 216 lauit
1227 154 1346 214 aquai

286 219 469 279 rimphis
513 220 608 280 atque
627 221 753 281 monas
791 221 917 281 faciei
942 220 1075 280 stulta
1119 217 1245 277 colores

276 285 450 345 Induit,
457 285 526 345 &amp;
541 286 700 346 Hauos
738 286 866 346 ornat
888 285 949 345 nec
972 284 1033 344 titq
1078 281 1245 341 capillos.

280 357 295 417 D
354 351 501 411 quoties
544 348 714 408 habitus
766 347 905 407 mutat
920 347 986 407 quo
1023 348 1126 408 possit
1162 348 1295 408 amatu

282 417 432 477 Midter
465 410 615 470 inforlix
654 408 824 468 inuenem
883 409 974 469 atque
994 410 1131 470 insigne
1157 410 1307 470 monere

287 476 546 536 sugenium,
561 469 645 529 atque
668 469 730 529 dio
767 469 898 529 iuram
951 473 1135 533 depellere
1165 477 1287 537 resti¬

280 545 398 605 Hinc
438 533 573 593 vittam
635 529 755 589 rapiti
786 531 961 591 imponit
992 537 1229 597 radiantib.
1245 540 1316 600 alte

282 599 492 659 Insionem
546 591 674 651 genis
710 591 856 651 tapitis
893 596 1103 656 restamen
1139 599 1302 659 honesti

274 670 334 730 Et
376 660 505 720 peplum
557 653 702 713 lutenti
744 652 838 712 duro
873 653 940 713 qui
966 656 1086 716 fuloet
1111 659 1155 719 &amp
1180 660 1265 720 ostro

293 727 440 787 Inducit
474 718 534 778 &amp;
552 714 690 774 sumam
759 715 967 775 connertit
1001 721 1123 781 fibula
1165 725 1312 785 vestem.

278 795 395 855 Hinc
420 782 545 842 finpit
586 775 746 835 placidos
787 776 921 836 mores
938 779 1005 839 &amp;
1021 784 1172 844 ducere
1197 790 1356 850 gressus

278 852 456 912 Sonatur
472 839 601 899 molles
650 836 698 896 vt
739 836 795 896 sit
836 837 916 897 gua
965 842 1102 902 forma
1151 848 1296 908 derori.

286 910 456 970 Collegit
488 900 595 960 hinc
629 896 842 956 tunicas,
863 900 1067 960 collectas
1099 909 1239 969 tendit
1260 913 1292 973 in
1324 919 1441 979 altum

288 973 400 1033 Atque
417 964 528 1024 supta
562 957 691 1017 studet
725 957 853 1017 totum
905 958 939 1018 et
973 962 1188 1022 compariat
1230 972 1403 1032 aurum.

282 1040 414 1100 Hine
450 1023 671 1083 thalamos
700 1020 817 1080 lingt
854 1021 964 1081 celses
993 1025 1147 1085 penata
1191 1032 1367 1092 icanti

293 1095 460 1155 Juro,
485 1086 548 1146 res
573 1080 788 1140 plendent
827 1079 1019 1139 geqrinis
1059 1085 1211 1145 omnia
1242 1092 1346 1152 penis

296 1159 342 1219 t
373 1147 544 1207 Veneris
584 1140 717 1200 vitreo
740 1140 903 1200 surgens
934 1143 973 1203 ex
1004 1148 1136 1208 aequore
1168 1156 1284 1216 stella

289 1208 488 1268 Ardentes
526 1202 663 1262 radios
701 1201 832 1261 mittit
894 1203 969 1263 tum
1019 1216 1368 1276 lumprecntas

281 1268 448 1328 Precellit
494 1261 646 1321 5tellas
676 1261 729 1321 &amp;
744 1263 972 1323 eplendida
1018 1271 1154 1331 sudera
1192 1280 1298 1340 roeli¬

291 1336 349 1396 ric
385 1328 480 1388 etiam
539 1323 758 1383 thalamos
795 1328 999 1388 linquens
1036 1339 1175 1399 indata
1218 1349 1408 1409 mirantes

277 1396 525 1456 Munctus,
542 1391 682 1451 omnes
720 1392 860 1452 habitu
907 1398 1040 1458 prellit
1078 1403 1094 1463 &a
1148 1409 1234 1469 oxe¬

282 1462 543 1522 Blanditias
561 1458 571 1518 f
627 1457 749 1517 capitis
786 1458 888 1518 praesert
936 1464 1122 1524 mallerus
1150 1472 1346 1532 decorem¬

265 1538 319 1598 Et
354 1530 498 1590 stillat
539 1523 716 1583 plaridum
772 1524 874 1584 mndli
901 1524 943 1584 de
970 1528 1135 1588 lumine
1169 1534 1381 1594 anorem.

276 1597 340 1657 Sed
385 1591 513 1651 timet
564 1587 762 1647 interdum
820 1587 852 1647 nn
897 1588 935 1648 quo
967 1589 1025 1649 sua
1070 1595 1223 1655 corpora
1274 1601 1396 1661 faedet

280 1655 481 1715 Vestitus
525 1653 698 1713 turpis,
713 1654 901 1714 cupidoque
915 1657 1082 1717 obsistat
1125 1660 1262 1720 anore

274 1721 419 1781 Nune
463 1716 634 1776 format
693 1717 796 1777 vores
831 1720 1036 1780 blandas,
1053 1727 1241 1787 dulcesque
1258 1731 1421 1791 loquelas

267 1778 494 1838 Effingit,
512 1778 678 1838 inuenis
714 1781 757 1841 qua
775 1784 907 1844 possint
960 1791 1073 1851 corda
1108 1797 1301 1857 imuere:

204 1840 215 1900 D
268 1844 308 1904 re
328 1841 368 1901 at
409 1839 570 1899 inuenis
616 1843 824 1903 venenti
851 1852 1038 1912 orcueris
1078 1858 1186 1918 Posept

269 1901 440 1961 Inssie,
456 1901 521 1961 nec
554 1903 676 1963 nosti
709 1905 783 1965 quae
807 1909 897 1969 num
954 1915 1035 1975 tibi
1052 1921 1142 1981 fata
1174 1933 1345 1993 parata.

286 1963 326 2023 Vt
359 1960 473 2020 pueri
499 1961 622 2021 faciem
678 1969 843 2029 edinunx
883 1979 1040 2039 asperit
1080 1986 1211 2046 lerilis

263 2029 439 2089 Exarsit
488 2028 594 2088 subito
629 2032 776 2092 miscrae
812 2044 1099 2104 velsementior
1134 2049 1233 2109 ignis

277 2095 367 2155 Nec
402 2091 492 2151 quid
526 2091 616 2151 agat
672 2094 790 2154 nouit
866 2101 1046 2161 trepidat
1094 2104 1122 2164 se
1157 2105 1302 2165 corpore
1337 2103 1406 2163 toto

267 2171 318 2231 Et
370 2162 490 2222 facies
534 2158 645 2218 rubeo
679 2159 843 2219 puthra
878 2162 938 2222 est
990 2165 1102 2225 offusa
1146 2165 1310 2225 pudore.
