2000 2581
239 189 430 249 Spratam
491 188 630 248 miserae
661 187 801 247 rapuit
852 187 913 247 vis
942 188 1033 248 sena
1074 193 1233 253 ferate.

252 253 267 313 D
307 249 369 309 fili
385 247 487 307 dulcis
526 247 660 307 patriam
706 248 769 308 qui
792 249 863 309 sepe
895 250 1052 310 serectam

240 313 436 373 Lemcti,
451 309 521 369 cur
545 308 631 368 iun
686 308 842 368 iiserum
889 311 944 371 me
968 313 1108 373 linquis
1132 316 1241 376 Posepthi?

244 373 374 433 Scilicet
414 369 465 429 hec
494 367 573 427 etiam
624 366 778 426 nostrum
829 368 994 428 fortuma
1016 373 1153 433 laberum

247 432 439 492 Restatat
483 429 631 489 misero,
638 428 778 488 sublati
815 429 852 489 vt
904 431 1030 491 funra
1066 436 1154 496 nati

254 494 431 554 Sertirem
487 489 638 549 infarlis
664 489 720 549 &amp;
739 490 828 550 sona
866 493 991 553 morte
1030 498 1200 558 pemptum

639 521 683 581 ner
258 550 449 610 Acciperem
538 550 640 610 nobis
682 553 743 613 qui
777 556 866 616 solus
907 558 1071 618 amorem

254 613 489 673 Exhribuit,
505 612 665 672 placidis
699 614 800 674 lenit
851 618 918 678 dum
960 625 1103 685 portora
1137 633 1279 693 dictis.

256 688 273 748 D
323 682 408 742 rape
443 678 553 738 mors
587 677 757 737 miserum
842 680 961 740 quato
994 684 1054 744 me
1088 690 1250 750 innito
1275 698 1385 758 leseph.

199 754 314 814 Dirit
342 747 380 807 et
419 744 467 804 abi
486 742 640 802 wistis
678 744 821 804 rapuit
870 748 908 808 de
936 753 1081 813 pectore
1119 762 1291 822 vistes,

252 816 299 876 Et
340 809 497 869 cimeres
544 806 667 866 capiti
694 807 899 867 fundit,
919 812 994 872 mox
1041 819 1184 879 induit
1226 828 1341 888 atum

274 872 470 932 Auictum
531 869 679 929 luvens
727 872 876 932 amissi
909 879 1058 939 finera
1105 886 1240 946 nati¬

258 941 370 1001 Num
437 935 591 995 famili
618 935 660 995 et
694 939 882 999 famulae
908 948 1053 1008 tuunque
1079 954 1122 1014 aes
1147 959 1284 1019 ordine
1319 964 1403 1024 nati

256 1010 419 1070 Solante
459 1002 695 1062 ticteis,
719 1008 866 1068 dictis
898 1020 1117 1080 apectus
1159 1027 1304 1087 anage

262 1074 470 1134 Alleniare
504 1068 687 1128 student
779 1076 845 1136 est
887 1080 954 1140 hic
987 1087 1120 1147 solatia
1163 1092 1279 1152 nulla

263 1137 454 1197 Accipit,
483 1134 695 1194 afflicteque
714 1138 825 1198 foret
875 1145 935 1205 sub
965 1151 1076 1211 corde
1116 1161 1298 1221 dolorem.

272 1197 562 1257 Cirmistant
609 1202 797 1262 famulae
820 1211 954 1271 tristes
985 1218 1032 1278 quod
1048 1224 1189 1284 pectora
1228 1233 1408 1293 planant

286 1263 497 1323 Cristia,
522 1264 598 1324 tota
649 1268 801 1328 domus
835 1276 953 1336 puere
1004 1286 1191 1346 deplorat
1232 1299 1359 1359 poseph.

287 1331 449 1391 falix
499 1334 669 1394 nimium
725 1339 817 1399 quod
859 1344 922 1404 non
958 1348 1021 1408 hec
1064 1357 1227 1417 tempora
1269 1369 1418 1429 inaesta¬

278 1402 436 1462 Vidisti
469 1399 659 1459 Klrachel
692 1405 925 1465 penitrix,
950 1414 1024 1474 nec
1058 1422 1174 1482 rorde
1207 1431 1339 1491 dolerem

278 1474 444 1534 Capisti
477 1470 707 1530 tantum,
730 1473 858 1533 molli
890 1477 945 1537 sed
985 1483 1073 1543 possa
1112 1492 1239 1552 quiete

264 1543 441 1603 Epicata
495 1541 526 1601 in
573 1542 742 1602 rembas
788 1545 911 1605 auges
957 1551 1042 1611 dum
1097 1556 1158 1616 ple
1188 1567 1413 1627 purentem.

258 1621 343 1681 Hei
368 1615 480 1675 mihi
514 1612 583 1672 quae
609 1613 738 1673 verum
797 1619 969 1679 facies,
986 1624 1046 1684 quae
1064 1628 1191 1688 tristis
1227 1633 1363 1693 imapo

276 1682 445 1742 cernite
478 1680 534 1740 abi
558 1681 743 1741 possim,
767 1687 945 1747 iseris
978 1693 1066 1753 num
1114 1701 1292 1761 iribus
1324 1708 1461 1768 onnes

277 1749 485 1809 Infantes
526 1747 767 1807 plorant,
783 1750 872 1810 tum
927 1754 1000 1814 iam
1081 1761 1201 1821 quoque
1217 1770 1401 1830 criminis
1426 1779 1498 1839 illos

271 1820 453 1880 soeniter
498 1816 537 1876 ab
589 1816 706 1876 sero,
725 1817 849 1877 nulla
901 1822 940 1882 vt
979 1829 1200 1889 mediciret
1239 1843 1395 1903 dolovi.

287 1887 377 1947 Vtque
404 1886 558 1946 ferunt
604 1887 784 1947 quondam
865 1892 983 1952 leviae
1010 1897 1072 1957 sub
1109 1905 1308 1965 maenibus
1317 1916 1406 1976 altis

286 1959 448 2019 siades
492 1956 671 2016 Heiusse
706 1957 886 2017 muris,
903 1961 989 2021 cum
1039 1965 1108 2025 iam
1168 1976 1348 2036 Hectora
1382 1988 1434 2048 eo

314 2028 538 2088 Viderunt
586 2023 722 2083 fortem
790 2025 985 2085 vinelis
1033 2037 1266 2097 pedibusque
1296 2056 1479 2116 remctu

276 2108 292 2168 A
338 2102 465 2162 celegi
504 2097 630 2157 cueru
693 2096 826 2156 senum
889 2101 1157 2161 suspendere
1204 2117 1440 2177 Actillem.

277 2171 364 2231 Elet
409 2170 629 2230 Triamus
663 2171 884 2231 tristis,
910 2174 1078 2234 inseris
1122 2185 1378 2245 simpultibus
1413 2197 1465 2257 ora
