2000 2581
490 192 846 252 2MAS
918 184 1301 244 PROEIT

578 273 644 333 TA
739 265 1129 325 LLLCIACO
1189 265 1344 325 Catr.

636 349 739 409 mine
773 345 946 405 redditus
980 343 1027 403 pr
1049 342 1152 402 Prod.
1175 344 1336 404 Conalti.

419 465 510 525 lara
550 455 620 515 fuit
661 449 821 509 quondam
872 447 892 507 N
933 447 963 507 1N
992 447 1043 507 ev
1063 448 1104 508 EN
1164 449 1275 509 digere
1295 450 1435 510 vetusti

409 542 510 602 vebe,
527 534 661 594 fama,
678 527 788 587 gestis
821 521 990 581 dinitijsque
1023 519 1149 579 potens,
1487 520 1664 580 Descriptio
1500 567 1626 627 Dinants

329 612 463 672 Hanc
492 604 634 664 nimium
693 597 782 657 longo
820 594 1013 654 cingebant
1065 594 1206 654 tranite
1229 598 1325 658 muri

401 680 498 740 Qui
539 672 644 732 pinnis
676 669 838 729 stabant
895 669 1000 729 sudera
1033 670 1064 730 ad
1105 670 1162 730 alta
1194 669 1251 729 suis

332 751 437 811 Quos
480 742 654 802 quicunque
681 738 795 798 tribus
838 739 960 799 poterat
1004 742 1179 802 ciremnire
1231 750 1344 810 diebus

411 820 536 880 Veloris
575 812 708 872 poterat
771 810 896 870 nomen
943 811 1060 871 habere
1100 814 1248 874 simul.

340 903 473 963 Mille
500 894 535 954 et
571 888 766 948 quingentae
775 885 935 945 statant
980 886 1007 946 ex
1033 889 1149 949 ordine
1176 896 1318 956 tures,

395 973 563 1033 Asspriae
580 963 678 1023 claex
731 960 926 1020 nobilitatis
961 962 1077 1022 opuis.

339 1051 553 1111 Extructae
588 1042 687 1102 Pario
731 1038 927 1098 surgebant
971 1038 1159 1098 marmore
1194 1040 1319 1100 Diuum

421 1127 528 1187 Acdes
573 1119 581 1179 e
635 1114 804 1174 magnot
840 1112 893 1172 &amp;
920 1112 1009 1172 tecta
1044 1114 1133 1174 supsa
1187 1116 1347 1176 Ducun.

310 1204 496 1264 Vndiquse
514 1196 550 1256 de
576 1192 666 1252 vino
701 1186 906 1246 manabant
986 1185 1164 1245 Adina
1208 1188 1324 1248 fontes
1555 1180 1680 1240 gurgige

404 1274 565 1334 Vndiqst
594 1262 726 1322 pissosis
763 1256 887 1316 erobile
934 1253 1076 1313 fumen
1113 1252 1257 1312 aquis.

370 1357 480 1417 Vulli
514 1344 707 1404 dinitiis,
728 1337 831 1397 nulli
865 1335 1023 1395 redebat
1079 1336 1202 1396 honore

407 1426 601 1486 Erugans
649 1418 763 1478 onnes
803 1416 916 1476 laude
957 1415 1063 1475 supla
1119 1415 1248 1475 locos.

366 1512 518 1572 Vicerat
579 1501 642 1561 hec
678 1495 811 1555 varias
856 1492 1060 1552 variasgst
1097 1496 1275 1556 subegerat
1311 1506 1462 1566 vrbeis,

417 1585 471 1645 Er
508 1577 636 1637 multas
674 1571 787 1631 armis
824 1570 1104 1630 accumularat
1164 1579 1270 1639 opes.

331 1671 466 1731 Derolig
518 1654 757 1714 Splendebat
809 1648 924 1708 veterx
965 1649 1069 1709 lande
1100 1653 1194 1713 abque
1215 1663 1422 1723 triumpris

391 1742 460 1802 Et
498 1737 635 1797 multis
667 1735 682 1795 5
712 1735 857 1795 tabant
910 1736 1025 1796 clara
1071 1737 1193 1797 tropaea
1240 1737 1361 1797 locis.

306 1838 379 1898 Sed
426 1825 622 1885 quantum
677 1817 835 1877 fastu,
854 1814 1031 1874 quantum
1086 1815 1263 1875 pollebat
1299 1817 1420 1877 henore
1570 1874 1761 1934 Nireuitat
1597 1930 1718 1990 perata.

419 1896 576 1956 Tantum
624 1892 702 1952 erat
738 1891 828 1951 mius
858 1892 906 1952 tis
948 1892 1056 1952 obenta
1105 1895 1345 1955 criminibus.

350 1975 569 2035 Dmminis
604 1968 665 2028 non
701 1966 851 2026 illis,
877 1966 947 2026 non
990 1968 1105 2028 iusti
1131 1971 1219 2031 cura
1263 1978 1421 2038 vigebat

394 2046 488 2106 Non
528 2042 711 2102 virtutis
752 2041 907 2101 amor,
927 2042 1001 2102 non
1049 2046 1171 2106 honos
1204 2053 1305 2113 vllus
1346 2062 1433 2122 erat
