2000 2581
409 141 488 201 Cum
527 137 591 197 non
623 135 702 195 soena
733 133 837 193 vider
884 133 924 193 de
947 133 1019 193 calo
1066 135 1232 195 fulmina
1288 140 1400 200 feri¬

454 211 513 271 Et
548 207 659 267 nusque
685 206 823 266 hostilis
865 207 934 267 tela
977 209 1105 269 euenta
1148 212 1328 272 manus.

404 295 561 355 Tristia
615 284 689 344 non
730 278 835 338 vsque
856 277 1015 337 functor
1089 278 1214 338 funera
1256 281 1351 341 duci¬

464 365 561 425 Nec
593 359 705 419 mala
754 355 867 415 quoque
883 354 947 414 alio
979 354 1084 414 dicta
1124 356 1253 416 venire
1285 361 1422 421 modo.

404 439 472 499 Et
509 435 585 495 nun
645 431 697 491 luc
721 428 818 488 tifico
848 426 992 486 ruriat
1044 426 1143 486 corda
1180 430 1293 490 dolore

468 507 667 567 Noa
725 499 835 559 Jrato
874 498 973 558 nune
1004 497 1053 557 sic
1103 500 1271 560 inrepat
1310 507 1360 567 one
1390 516 1519 576 vernt
1599 522 1798 582 Imvationtia
1620 578 1703 638 sna

413 587 501 647 Hec
527 581 571 641 ne
598 576 668 636 inae
696 570 863 630 veniunt
934 568 1137 628 constantia
1180 574 1278 634 faeda
1314 583 1463 643 lingnae

458 653 533 713 Sie
560 648 617 708 ne
645 642 767 702 tnisque
795 640 870 700 soles
898 640 1104 700 imposuisse
1132 645 1235 705 viris

397 720 504 780 Qre
537 716 661 776 procul
694 713 817 773 patriis
851 713 884 773 per
900 713 933 773 te
958 713 1024 773 sum
1082 716 1213 776 missus
1247 722 1280 782 ab
1296 726 1370 786 oris

463 794 645 854 Assprijs
664 789 816 849 pugnas
857 788 1048 848 exridium
1129 790 1260 850 ferens

388 868 466 928 Et
502 862 617 922 quiam
675 860 753 920 miti
789 860 903 920 scibam
953 863 983 923 te
1018 865 1068 925 vet
1090 867 1162 927 tore
1212 871 1369 931 nente

460 938 617 998 perdere
651 930 825 990 comnersos
859 931 983 991 morte
1016 935 1124 995 solere
1150 938 1266 998 viros

416 1016 591 1076 Consilio
625 1007 721 1067 volui
755 1003 843 1063 certo
887 1002 947 1062 per
991 1004 1140 1064 caerula
1191 1012 1296 1072 ponti

457 1085 671 1145 Efngere
703 1079 775 1139 &amp;
795 1077 959 1137 poniaus
999 1075 1071 1135 non
1113 1077 1265 1137 subisse
1287 1084 1429 1144 graue.

396 1165 476 1225 Ne
512 1161 615 1221 forte
651 1152 819 1212 externis
862 1147 928 1207 non
965 1145 1031 1205 vax
1074 1145 1133 1205 esse
1169 1153 1351 1213 viderer,

455 1230 553 1290 Nec
592 1222 750 1282 trepido
789 1218 926 1278 Vanas
955 1218 1132 1278 Spargere
1162 1223 1202 1283 et
1241 1228 1310 1288 orbe
1339 1238 1466 1298 minas

410 1304 454 1364 Eu
481 1298 579 1358 tame
615 1294 624 1354 e
659 1291 785 1351 mediis
811 1288 999 1348 extractum
1053 1291 1231 1351 fuctibus
1248 1297 1311 1357 huc
1337 1303 1400 1363 ie

459 1366 584 1426 Mittis
623 1359 661 1419 vt
699 1355 863 1415 iiustis
891 1356 1026 1416 muntia
1064 1361 1151 1421 dira
1190 1370 1353 1430 feram.

413 1451 488 1511 Dar
519 1439 605 1499 ipito
646 1430 753 1490 video
795 1426 891 1486 Vero
912 1426 976 1486 tua
1019 1430 1136 1490 verba
1167 1440 1326 1500 carere.

449 1518 554 1578 Qur
594 1507 708 1567 verus
756 1501 854 1561 fatis
910 1501 1007 1561 finis
1048 1504 1169 1564 abesse
1194 1512 1275 1572 solet

428 1593 519 1653 Num
584 1586 639 1646 go
676 1580 832 1640 vudeli
860 1577 988 1637 cupiam
1053 1581 1246 1641 suerumte
1282 1595 1420 1655 morti¬

443 1668 548 1728 Num
625 1660 721 1720 cupro
750 1655 931 1715 tenebris
980 1655 1171 1715 ombuisse
1199 1662 1324 1722 nigris

408 1741 500 1801 Nam
566 1733 659 1793 quid
714 1728 798 1788 vita
835 1726 947 1786 inuet
1012 1727 1104 1787 falso
1142 1733 1327 1793 deprensus
1355 1742 1393 1802 ab
1421 1749 1476 1809 ore

454 1815 570 1875 Falsa
618 1806 800 1866 pognioris
829 1803 916 1863 eba
955 1803 1089 1863 tulisse
1117 1809 1252 1869 viris.

392 1901 502 1961 Diti
523 1896 623 1956 mine
672 1890 803 1950 aliqua
833 1887 863 1947 ee
903 1885 1024 1945 giuri
1053 1884 1134 1944 cura
1173 1886 1304 1946 getatae

435 1980 521 2040 Ne
553 1975 654 2035 celevi
694 1969 826 2029 facias
865 1967 982 2027 morte
1022 1968 1107 2028 pire
1170 1974 1342 2034 Devs.

366 2064 474 2124 Ista
537 2052 790 2112 furibundo
825 2042 988 2102 dicebat
1051 2041 1113 2101 per
1132 2044 1213 2104 tore
1240 2052 1339 2112 vates

440 2132 488 2192 Co
587 2129 726 2189 rursum
784 2123 947 2183 orpotens
980 2122 1078 2182 talia
1119 2122 1193 2182 vba
1234 2125 1348 2185 dedit¬
