2000 2581
632 438 713 498 Aut
749 436 801 496 vbi
830 433 911 493 fessa
947 430 999 490 din
1035 423 1226 483 vinunter
1248 417 1417 477 membra
1454 417 1571 477 sopore

747 504 841 564 Tettt
893 496 1010 556 quoque
1031 493 1075 553 per
1089 491 1236 551 semuos
1279 490 1345 550 eptt
1382 489 1491 549 rerno
1520 489 1644 549 venire
1680 488 1797 548 meob.

680 568 824 628 Nescio
852 562 900 622 qud
928 558 1110 618 blandum
1168 555 1291 615 duleis
1321 554 1387 614 tum
1444 554 1569 614 linqua
1616 556 1788 616 Iusuerat

741 641 792 701 Et
834 631 964 691 intrit
1010 623 1165 683 mentem
1227 622 1232 682 5
1258 621 1289 681 pe
1326 621 1476 681 meliore
1512 620 1667 680 meam.

675 710 820 770 Oscula
868 699 948 759 quin
997 693 1093 753 iuque
1118 689 1214 749 sensi
1246 687 1311 747 tua
1359 686 1520 746 tradita
1568 685 1697 745 honno

1122 725 1166 785 sic
1201 724 1292 784 quoque
1312 721 1395 781 dand
755 776 887 836 Oscula
933 766 1049 826 coelesti
1088 759 1219 819 dimt
1258 755 1428 815 potenta
1467 755 1575 815 deae.

707 857 819 917 etera
858 845 904 905 que
923 837 1045 897 finut
1083 831 1196 891 pudor
1224 829 1280 889 e,
1290 828 1337 888 sed
1356 827 1421 887 &amp;
1430 825 1562 885 omnia
1601 818 1703 878 finnt

765 923 847 983 Tum
918 910 1042 970 cupiam
1113 900 1272 960 Somnos
1302 893 1538 953 continuare
1567 887 1726 947 mede.
