2000 2581
843 165 883 225 S.
899 164 946 224 R.
961 164 1001 224 P.
1017 166 1150 226 HOP.
1166 169 1222 229 A.

533 224 603 284 Aut
638 221 696 281 vbi
731 220 877 280 perpetua
924 220 982 280 cum
1034 220 1121 280 nine
1163 220 1250 280 vura
1297 219 1413 279 vigent

491 293 589 353 Non
617 288 667 348 eo
696 284 891 344 deficiam,
920 285 1037 345 lateri
1057 287 1105 347 sed
1134 290 1262 350 inncta
1300 294 1427 354 fidelis

543 359 686 419 Omnia
732 354 800 414 non
837 353 944 413 molli
974 354 1087 414 corde
1132 356 1231 416 pida
1276 359 1419 419 feram.

496 431 534 491 Te
557 424 634 484 duce
665 421 726 481 non
766 419 897 479 fugiam
958 421 1128 481 veniant
1183 427 1322 487 qrinqi
1352 430 1507 490 ferenda

536 498 586 558 Si
615 493 651 553 im
709 490 774 550 non
817 490 954 550 credas
990 494 1170 554 experiare
1213 498 1321 558 pror.

464 564 585 624 Quid
626 559 698 619 pror
731 557 859 617 infaelix
924 558 1053 618 deserti
1078 560 1215 620 foedera
1255 565 1353 625 lesti¬

535 628 712 688 Reppeto.
743 627 828 687 Non
858 627 943 687 satis
974 627 990 687 e
1028 628 1089 688 his
1121 631 1274 691 reridisse
1305 636 1405 696 semel

454 707 532 767 Ali
549 697 672 757 culpam
734 688 900 748 fateor:
918 688 987 748 nec
1023 691 1093 751 enim
1153 697 1233 757 mea
1285 705 1390 765 facta
1434 717 1591 777 negato,

534 764 594 824 Per
618 760 648 820 tn
685 757 754 817 huc
784 756 959 816 placidas
997 760 1035 820 ad
1081 763 1157 823 mea
1202 770 1278 830 vota
1316 776 1415 836 pres.

489 833 645 893 Rerfida
685 827 817 887 deserui
859 828 1031 888 promissi
1065 834 1155 894 iura
1187 842 1319 902 rubilis

516 904 624 964 &Emt,
646 901 704 961 quo
740 900 806 960 non
842 901 1009 961 demit,
1023 904 1124 964 mota
1168 909 1284 969 dolore
1313 915 1407 975 fin.

476 970 561 1030 Hec
599 968 669 1028 tibi
707 967 768 1027 non
815 969 922 1029 ficto
953 972 1037 1032 num
1099 979 1207 1039 audi
1237 987 1345 1047 rorde
1376 999 1576 1059 fatente.

537 1038 589 1098 En
625 1038 686 1098 tibi
722 1038 766 1098 quae
775 1039 889 1099 tendo
925 1041 1066 1101 brachia
1110 1047 1252 1107 maesta
1304 1053 1366 1113 fid
1401 1062 1516 1122 vide.

484 1108 547 1168 In
584 1106 765 1166 moneant
794 1108 984 1168 lacregens
1039 1113 1140 1173 queis
1185 1119 1267 1179 nun
1330 1125 1403 1185 mea
1450 1133 1577 1193 scripta
1613 1145 1767 1205 rigar.

532 1176 601 1236 Non
635 1173 704 1233 satis
738 1173 767 1233 in
801 1174 918 1234 poenas
960 1177 1083 1237 officiosa
1125 1181 1249 1241 mas.

1196 1223 1345 1283 sortasse
471 1244 533 1304 Et
575 1243 671 1303 nune
713 1243 754 1303 quae
768 1244 899 1304 poterat
955 1251 1121 1311 quendam
1169 1256 1231 1316 tibe
1259 1259 1370 1319 feeuit
1411 1262 1542 1322 placere

527 1314 587 1374 Ne
615 1311 762 1371 inseram
823 1312 923 1372 luctu
971 1317 1119 1377 predita
1178 1325 1293 1385 forma
1340 1330 1420 1390 meo
1454 1332 1501 1392 est

491 1387 573 1447 Non
602 1383 640 1443 im
685 1381 773 1441 sunt
804 1380 937 1440 qe,
959 1381 1026 1441 non
1063 1383 1123 1443 dat
1168 1386 1271 1446 mihi
1301 1392 1464 1452 purpura
1502 1399 1613 1459 vestes

527 1455 601 1515 Non
644 1448 779 1508 Aratum
834 1448 982 1508 comptus
1020 1450 1099 1510 rore
1130 1453 1278 1513 capillus
1309 1458 1377 1518 olet

1525 1511 1539 1571 n
471 1526 548 1586 dat
626 1520 735 1580 Qid
781 1520 844 1580 Cur
867 1520 936 1580 etem
991 1524 1139 1584 spoeses
1177 1530 1364 1590 dissernam
1410 1537 1550 1597 pertper
1581 1539 1682 1599 eeines

522 1592 657 1652 Drner
698 1589 839 1649 vestitu
894 1590 955 1650 eur
988 1592 1096 1652 modo
1137 1596 1170 1656 vt
1211 1600 1293 1660 ante
1326 1605 1400 1665 ipo

784 1627 919 1687 temnet
1173 1631 1308 1691 eocht
476 1660 584 1720 terte
611 1657 729 1717 proral
765 1657 927 1717 tenaruu
972 1662 1088 1722 tristi
1125 1666 1161 1726 de
1188 1674 1405 1734 qurdve
1557 1694 1729 1754 anuctus

513 1732 588 1792 Poo
622 1727 753 1787 valeat
821 1727 917 1787 gema
972 1732 1083 1792 petita
1130 1738 1274 1798 mari.

480 1808 571 1868 Nam
625 1804 701 1864 mea
740 1803 777 1863 im
823 1803 885 1863 soli
915 1804 1060 1864 debebat
1106 1808 1221 1868 forma
1259 1814 1388 1874 placere

536 1876 622 1936 Non
654 1875 724 1935 sine
763 1875 911 1935 iuistitia
966 1877 1028 1937 vir
1059 1880 1154 1940 mitn
1184 1885 1317 1945 tharus
1348 1891 1443 1951 abest

478 1949 574 2009 Verte
609 1946 732 2006 precor
767 1946 899 2006 gressus
961 1949 1030 2009 vel
1056 1952 1118 2012 me
1153 1957 1276 2017 quoque
1302 1962 1416 2022 ducito
1451 1967 1548 2027 terum

528 2015 598 2075 am
647 2015 731 2075 solus
780 2017 913 2077 miserae
955 2022 1074 2082 portus
1109 2026 1165 2086 &amp;
1186 2029 1277 2089 aura
1312 2033 1410 2093 mihi
1438 2035 1494 2095 e6.

481 2097 531 2157 Si
551 2093 589 2153 te
620 2091 678 2151 non
718 2091 895 2151 moneant
955 2099 1103 2159 nostrae
1132 2110 1388 2170 lactrymaeque
1408 2119 1507 2179 probq
