2000 2581
896 129 1001 189 Na
1044 130 1162 190 et1

470 196 607 256 Qacis
641 194 762 254 tamen
796 194 856 254 hic
891 193 1019 253 fuerit
1062 193 1174 253 nobis
1226 194 1294 254 fe
1329 195 1371 255 mi
1414 195 1517 255 talia
1552 197 1680 257 reedam

513 265 681 325 Quisque
710 265 812 325 mihi
842 265 995 325 miserae
1046 265 1163 325 mite
1199 265 1492 325 lenamenerit

877 305 982 365 Vigili
455 340 497 400 Tu
540 337 640 397 mihi
675 336 768 396 solus
804 336 890 396 ades
932 336 1025 396 quem
1097 338 1226 398 mente
1268 340 1467 400 reuoluo,

527 404 540 464 D
601 403 742 463 feater
789 404 936 464 penerib
983 406 1111 466 ploria
1158 408 1265 468 suma
1318 409 1406 469 tii.

469 482 613 542 Telicet
648 478 746 538 hinc
792 479 908 539 absens
953 483 1133 543 specto,
1159 487 1222 547 nec
1267 488 1411 548 terreor
1447 485 1555 545 inde¬

516 553 668 613 Quod
716 551 883 611 subiecta
923 552 996 612 tibi
1027 553 1092 613 non
1139 554 1236 614 satis
1275 554 1363 614 ante
1403 552 1499 612 fui.

465 627 537 687 Ia
578 623 658 683 dies
699 621 893 681 noruit,
917 621 990 681 qua
1030 623 1095 683 me
1135 627 1354 687 dementia
1402 635 1515 695 iussit

528 699 584 759 Vt
621 692 724 752 iugem
779 691 947 751 aequalis
993 693 1114 753 dicier
1152 698 1216 758 esse
1254 700 1356 760 tibi.

465 769 602 829 Cumq
651 763 700 823 ego
740 762 955 822 foeminea
1005 764 1083 824 nun
1132 768 1378 828 temeraria
1417 771 1545 831 mente

519 839 726 899 Culparem
781 835 905 895 mores
947 837 1084 897 frater
1126 841 1257 901 anire
1306 843 1423 903 tuos.

447 917 566 977 Atque
585 910 724 970 vtinam
783 907 921 967 mores
960 908 1118 968 tantum
1178 913 1247 973 nen
1286 918 1425 978 stulta
1465 926 1573 986 Deoex

503 985 718 1045 Colpassem
793 984 868 1044 per
910 985 954 1045 te
996 986 1050 1046 qua
1071 987 1082 1047 f
1222 990 1307 1050 Toba
1351 991 1491 1051 Aunnit

454 1063 548 1123 Hei
574 1061 676 1121 mihsi
710 1060 795 1120 quid
837 1060 948 1120 feri.
991 1062 1084 1122 quis
1119 1064 1204 1124 nam
1263 1067 1297 1127 im
1357 1069 1460 1129 talia
1493 1072 1613 1132 suasit

507 1135 720 1195 Crimina
818 1135 870 1195 quae
888 1136 1030 1196 sceleris
1075 1141 1190 1201 rausa
1235 1147 1421 1207 nfanda
1474 1152 1554 1212 fuit

447 1211 507 1271 An
551 1208 693 1268 tentum
745 1207 910 1267 poterat
955 1212 1180 1272 muliebria
1217 1220 1337 1280 rorda
1381 1229 1546 1289 mouere

500 1290 636 1350 Qut
674 1284 869 1344 thalaum
927 1284 1091 1344 standit
1140 1288 1257 1348 nigra
1295 1295 1422 1355 colore
1460 1304 1596 1364 taum.

442 1364 585 1424 Quius
633 1361 681 1421 ero
736 1359 872 1419 parne
928 1359 1047 1419 culpr
1110 1362 1150 1422 per
1174 1367 1373 1427 crimina
1437 1375 1548 1435 mota

516 1439 757 1499 Brandius
808 1438 968 1498 admisi
1008 1440 1190 1500 perfida
1239 1445 1370 1505 facta
1410 1452 1560 1512 selus.

444 1518 492 1578 Se
532 1515 604 1575 hec
636 1511 796 1571 miseres
835 1510 1036 1570 mortales
1083 1513 1179 1573 fata
1227 1521 1459 1581 retorquent

518 1588 565 1648 Vt
604 1586 754 1646 maiora
802 1586 992 1646 ferant,
1039 1588 1165 1648 facta
1213 1594 1379 1654 minora
1434 1605 1576 1665 notent

442 1666 643 1726 Quilibet
685 1661 852 1721 alterius
902 1663 1044 1723 poterit
1095 1672 1379 1732 reprehendere
1421 1683 1579 1743 facta¬

501 1746 573 1806 Sed
604 1740 665 1800 sua
707 1736 789 1796 quae
810 1735 902 1795 ferit
953 1736 1046 1796 pars
1098 1744 1334 1804 quotarumg
1386 1756 1550 1816 videt.

454 1823 523 1883 die
552 1817 632 1877 quoq
691 1813 750 1873 quo
791 1812 928 1872 nostex
979 1815 1047 1875 non
1096 1819 1216 1879 scibam
1275 1831 1453 1891 rrimina
1503 1845 1641 1905 mentis

496 1893 534 1953 In
572 1890 679 1950 facto
724 1887 907 1947 alterius
953 1887 1022 1947 tum
1105 1893 1250 1953 oculata
1311 1905 1402 1965 fai¬

452 1967 544 2027 Non
587 1963 661 2023 mea
710 1962 927 2022 copnossens
970 1965 1137 2025 indiori
1173 1971 1352 2031 pendere
1396 1981 1525 2041 multo

747 2001 757 2061 2
501 2010 584 2070 deue
617 2007 748 2067 rimiat
504 2044 726 2104 Augestes
773 2041 819 2101 am
902 2042 1033 2102 fucta
1070 2046 1255 2106 nefanda
1302 2051 1459 2111 mein.

457 2122 653 2182 Impulit
701 2119 770 2179 huc
810 2119 985 2179 iiseram
1064 2120 1142 2180 non
1201 2125 1319 2185 vnque
1357 2130 1465 2190 recta
1514 2137 1641 2197 docere
