2000 2581
339 146 499 206 Eduxit
533 140 728 200 inuenis,
744 141 889 201 postque
914 143 939 203 se
982 144 1101 204 patre
1134 145 1286 205 velicto

347 218 540 278 Venditum
595 213 626 273 in
665 212 844 272 ignotas
882 213 1015 273 miseex
1046 218 1248 278 conspexit
1286 222 1310 282 in
1340 225 1457 285 oras.

351 301 394 361 Ab
437 288 578 348 quoties
612 279 752 339 voluit
787 278 962 338 cendelia
1014 283 1179 343 prodere
1215 288 1380 348 fratrum

351 364 605 424 Crimina,
622 355 657 415 si
690 350 885 410 taepidum
945 349 1115 409 indiora
1157 356 1293 416 pirula
1318 369 1488 429 terrent

337 442 351 502 D
405 433 522 493 patri
550 425 701 485 quoties
742 420 893 480 animo
928 422 1154 482 valedixit
1196 427 1230 487 et
1264 432 1375 492 illum

341 508 495 568 foelirem
546 494 768 554 exeptat,
785 490 923 550 tristi
957 491 999 551 ne
1043 494 1213 554 pectore
1256 501 1359 561 tales

353 579 562 639 Concipiat
597 567 753 627 luctus
806 564 954 624 possint
997 564 1067 624 qui
1093 568 1233 628 tollere
1269 576 1425 636 vitam.

340 658 453 718 Atque
471 649 565 709 deum
621 641 761 701 pribus
818 639 987 699 (iier,
1005 640 1090 700 quis
1127 645 1287 705 credere
1315 655 1474 715 posset)

354 721 588 781 Appellat,
618 710 747 770 tanta
800 708 837 768 et
876 709 1049 769 featrum
1103 713 1171 773 non
1208 721 1375 781 crimina
1420 732 1541 792 poenis

363 791 580 851 Compenset
622 778 789 838 meritis
823 776 948 836 ilongo
974 776 1007 836 se
1048 780 1215 840 tempore
1258 792 1391 852 doctos

355 858 556 918 Instituat
604 848 815 908 inseros,
836 848 1018 908 melioru
1066 853 1104 913 vt
1153 857 1229 917 vita
1277 866 1460 926 sequate.

364 935 473 995 Talia
506 925 532 985 se
574 916 743 976 voluens
777 913 928 973 animo
971 916 1089 976 nona
1140 926 1309 986 vinula
1350 940 1486 1000 ternit

349 998 507 1058 Notari
540 988 723 1048 insere,
739 984 931 1044 peneroso
972 986 1139 1046 corpore
1172 993 1255 1053 loca

353 1066 503 1126 Accipit
548 1054 731 1114 inforlis.
767 1053 858 1113 Non
881 1053 950 1113 hec
984 1060 1237 1120 spectarula
1294 1079 1455 1139 fratrum

366 1125 584 1185 comenere
620 1119 820 1179 aninus,
839 1122 1076 1182 lachrgmas
1112 1130 1176 1190 nec
1212 1140 1376 1200 limina
1412 1158 1576 1218 Stillant

353 1199 418 1259 Ille
455 1192 493 1252 se
521 1185 698 1245 ancipiti
736 1184 801 1244 dis
820 1187 1007 1247 tractus
1054 1195 1157 1255 corda
1203 1205 1334 1265 dolore

356 1257 588 1317 Iroemit,
605 1249 709 1309 atque
735 1249 830 1309 vices
873 1255 1063 1315 deplorat
1115 1269 1270 1329 pectore
1304 1282 1477 1342 tristes.

351 1326 455 1386 Num
520 1316 681 1376 pater,
697 1315 737 1375 et
769 1315 898 1375 patris
938 1321 1067 1381 tellus
1107 1329 1139 1389 et
1179 1339 1316 1399 amissa
1364 1361 1509 1421 rolenda

366 1380 589 1440 Lubertas
614 1375 695 1435 aun
731 1378 931 1438 cruciat,
955 1387 1014 1447 quod
1026 1396 1178 1456 potore
1214 1414 1378 1474 voluens

369 1446 599 1506 Semperat
645 1440 747 1500 haud
784 1447 1061 1507 lartrogius,
1080 1458 1116 1518 et
1154 1464 1228 1524 non
1274 1476 1449 1536 retirere
1478 1486 1597 1546 dolore

343 1512 515 1572 Inforlix
553 1508 740 1568 potuit,
762 1510 853 1570 quin
905 1517 1010 1577 tales
1055 1523 1122 1583 ore
1160 1534 1347 1594 querelas

345 1575 555 1635 Effundat
601 1574 774 1634 genitul
802 1581 1085 1641 lachromans
1131 1592 1159 1652 et
1204 1599 1313 1659 talia
1360 1613 1460 1673 dicat

286 1649 298 1709 D
351 1647 514 1707 pater,
532 1643 568 1703 et
604 1642 740 1702 patriae
778 1645 914 1705 charae
941 1657 1205 1717 dulcissima
1259 1675 1377 1735 tellus

357 1717 419 1777 En
464 1713 518 1773 exo
563 1710 625 1770 qui
653 1710 840 1770 quendam
903 1720 1109 1780 fulgenti
1153 1737 1306 1797 veste
1341 1758 1493 1818 decorus

357 1785 493 1845 lncesse
525 1782 670 1842 litus,
686 1784 822 1844 tanta
870 1794 1110 1854 comitante
1151 1808 1319 1868 caterua

352 1853 611 1913 tratrum,
641 1853 741 1913 quos
779 1857 916 1917 habui
946 1864 1107 1924 trepide
1145 1877 1283 1937 solatia
1328 1893 1473 1953 mentis

348 1922 419 1982 Ille
451 1917 513 1977 exo
543 1915 606 1975 qui
637 1914 803 1974 parriam
854 1920 967 1980 toties
1019 1931 1185 1991 releuam
1256 1958 1473 2018 serestam

353 1985 458 2045 Num
525 1980 650 2040 inser
689 1979 717 2039 et
755 1982 890 2042 raptus
929 1994 1121 2054 pergoras
1159 2012 1342 2072 deducor
1380 2025 1409 2085 in
1438 2035 1524 2095 oras

342 2051 550 2111 Deatris
589 2049 781 2109 campi,
804 2054 988 2114 penitor
1036 2065 1155 2125 mihi
1187 2077 1307 2137 hare
1347 2094 1514 2154 valeto¬

357 2122 531 2182 Posthar
573 2121 644 2181 non
686 2122 840 2182 tristem
903 2129 1036 2189 natus
1078 2143 1305 2203 releualit
1345 2162 1489 2222 Pospti.
