2000 2581
661 164 777 224 52e
811 165 880 225 tO

343 225 527 285 Predixi,
542 222 603 282 &amp;
626 221 764 281 scriptis
809 220 901 280 sunt
940 221 1115 281 relebeata
1161 221 1252 281 meis

300 304 408 364 Talia
448 298 476 358 si
502 294 624 354 vetuli
665 291 793 351 conux
846 292 968 352 ferisset
1015 294 1130 354 Abram

344 374 430 434 Non
469 366 524 426 sua
563 362 720 422 vidisset
775 362 923 422 pignora
978 365 1127 425 ventris
1166 368 1260 428 anns

309 444 379 504 Ali
401 436 540 496 quoties
585 431 739 491 profugi
777 431 953 491 constans
992 434 1045 494 est
1084 437 1184 497 terga
1223 441 1330 501 secuta

964 465 975 525 m
350 512 442 572 Non
479 507 639 567 tandata
684 506 753 566 siti
813 506 942 566 norq
1332 515 1400 575 nec
1423 516 1524 576 male
1546 516 1660 576 fracta
1694 515 1784 575 fane

304 590 396 650 Hec
429 585 537 645 quoque
562 580 821 640 sustinnit,
837 579 1012 639 raperet
1062 579 1129 639 quo
1163 579 1171 639 a
1221 581 1337 641 morte
1371 582 1512 642 maritu

346 662 518 722 Principe
550 658 600 718 ab
632 654 788 714 externo
837 653 992 713 moesta
1042 653 1181 713 rapina
1230 655 1377 715 trahi¬

305 746 388 806 Nec
429 734 554 794 tanen
615 727 706 787 Chor
747 725 872 785 mirum
933 728 1286 788 fuerat)raptiua
1335 733 1479 793 neganit

358 811 475 871 Que
511 800 642 860 coniux
693 797 823 857 fuerat
882 799 991 859 dicier
1034 802 1100 862 esse
1136 804 1187 864 x
1223 806 1339 866 soror.

316 884 430 944 Quid
465 875 544 935 fecit
595 872 688 932 toties
724 872 831 932 nobis
874 877 1039 937 landata
1082 882 1275 942 Reterra.

360 958 483 1018 Quid
527 951 615 1011 Lya
694 948 798 1008 quid
843 948 991 1008 meritis
1035 953 1324 1013 conspirienda
1360 966 1508 1026 Rachel¬

314 1044 433 1104 Atque
444 1034 530 1094 aliae
551 1026 671 1086 plures
715 1023 823 1083 quoes
856 1023 921 1083 pia
975 1026 1084 1086 facta
1127 1031 1268 1091 referve

354 1111 538 1171 sufficeret
584 1101 684 1161 nobis
723 1098 792 1158 non
838 1097 931 1157 satis
969 1099 1053 1159 vna
1092 1104 1192 1164 dies.

307 1183 434 1243 Quid
473 1176 592 1236 tamen
639 1172 695 1232 hec
735 1170 846 1230 moneo
918 1171 1012 1231 satis
1044 1173 1092 1233 est
1131 1179 1322 1239 thavissima
1361 1189 1472 1249 coniux

350 1256 407 1316 Gi
428 1249 491 1309 tua
527 1242 710 1302 regnossas
752 1241 915 1301 crimina
964 1243 1070 1303 corde
1105 1244 1183 1304 pio.

326 1324 551 1384 Raenituit,
570 1316 628 1376 leq
678 1314 765 1374 quod
805 1314 902 1374 nune
942 1315 1009 1375 tna
1048 1319 1175 1379 scripta
1225 1327 1400 1387 fatenter.

356 1396 440 1456 Hac
463 1392 516 1452 vox
561 1389 592 1449 ad
638 1387 775 1447 veniam
844 1388 996 1448 sufficit
1042 1391 1110 1451 vna
1156 1393 1285 1453 tuam.

313 1477 412 1537 Non
444 1470 494 1530 ego
535 1464 593 1524 sum
643 1462 751 1522 duvis
791 1463 924 1523 natus
965 1465 1007 1525 de
1031 1469 1221 1529 rupibus,
1238 1473 1295 1533 &am;
1313 1475 1370 1535 uon

357 1545 475 1605 Qi
500 1539 660 1599 nequeat
702 1536 811 1596 vinci
846 1537 904 1597 tor
947 1539 1182 1599 adomanta
1215 1543 1299 1603 gerit

326 1625 370 1685 Ta
415 1620 521 1680 modo
566 1616 636 1676 fac
681 1614 814 1674 nostas
858 1614 1009 1674 comisse
1054 1617 1213 1677 crimina
1258 1619 1364 1679 culpae

364 1699 484 1759 Nunc
517 1694 580 1754 fac
613 1692 749 1752 officium
805 1693 989 1753 coniuxis
1030 1694 1093 1754 ipsa
1126 1696 1254 1756 bonae.

318 1776 450 1836 Multa
489 1765 629 1825 equidem
692 1764 879 1824 toleranda
934 1767 1035 1827 tibi,
1059 1770 1144 1830 sunt
1175 1770 1284 1830 multa
1325 1782 1495 1842 ferenda,

376 1851 449 1911 Sie
480 1844 641 1904 statuere
672 1842 809 1902 graues
857 1842 1001 1902 tristia
1050 1844 1130 1904 fata
1170 1847 1274 1907 dies.

316 1921 391 1981 Hor
433 1918 458 1978 in
499 1915 675 1975 exhiliret
726 1915 800 1975 quod
843 1915 900 1975 non
959 1919 1152 1979 moritura
1193 1925 1343 1985 paratur

365 1999 470 2059 Vita,
486 1993 542 2053 hib
575 1989 638 2049 qui
670 1989 727 2049 den
783 1989 879 2049 iussa
920 1992 1129 2052 tremenda
1169 1994 1298 2054 colunt

298 2080 349 2140 En
384 2075 461 2135 rogo
496 2070 590 2130 num
659 2065 787 2125 vigili
821 2063 924 2123 rolito
959 2064 1045 2124 mea
1079 2067 1234 2127 pignora
1276 2074 1396 2134 iura¬

369 2145 542 2205 lignora
596 2140 760 2200 frustea
797 2137 906 2197 omilis
943 2134 1024 2194 sape
1061 2134 1170 2194 petita
1215 2135 1343 2195 meis.
