2000 2581
311 158 550 218 Stestras
599 154 743 214 frandes
775 153 918 213 sentiret
958 153 1062 213 turba
1094 155 1230 215 inisella

382 233 460 293 Qin
503 227 581 287 valt
625 223 685 283 vos
729 221 929 281 promptas
964 224 1181 284 exhribuesse
1198 229 1363 289 manus.

322 307 468 367 Quid
506 295 605 355 innat
670 289 825 349 infiatos
872 290 1018 350 iniserox
1074 297 1256 357 sanquine
1283 303 1402 363 passi¬

378 373 519 433 Quid
560 362 670 422 inuat
711 360 902 420 infandis
942 366 1094 426 fallere
1123 372 1245 432 quosque
1265 374 1385 434 ablis.

341 445 505 505 monis
548 434 609 494 cur
643 432 712 492 vos
747 433 919 493 delectat
971 438 1065 498 bella
1100 441 1255 501 monere

368 521 429 581 Ex
469 509 610 569 rapere
651 504 803 564 hostili
832 506 943 566 tecta
994 510 1115 570 aliena
1155 513 1277 573 manu

334 596 532 656 Dinicis
568 581 626 641 eur
662 578 719 638 vor
755 577 872 637 innat
931 579 1129 639 insudare
1164 584 1328 644 gehanis

390 669 490 729 Cur
527 660 626 720 latet
663 655 817 715 miuste
862 655 980 715 Cona
1026 659 1163 719 reposta
1216 665 1361 725 domi¬

328 749 408 809 Ats
430 739 602 799 miseri,
632 732 714 792 quot
724 729 816 789 quot
846 728 928 788 thre
938 728 1071 788 sauros
1101 733 1243 793 queritis
1274 743 1365 803 auri
199 754 256 814 17.

389 816 565 876 Rerditis
604 808 654 868 &ap
692 805 791 865 vera
839 803 1153 863 prosperitatis
1182 807 1310 867 opes.

308 898 408 958 Hen
441 891 641 951 maledis
674 886 707 946 ta
752 882 918 942 cobors,
929 880 996 940 qud
1018 880 1118 940 forti
1140 880 1283 940 fiditis
1316 883 1438 943 vrbi¬

357 973 529 1033 Tortia
588 963 668 1023 non
720 958 879 1018 aliquos
939 956 998 1016 ter
1024 956 1065 1016 ta
1111 957 1257 1017 inuare
1296 959 1395 1019 quit

321 1057 424 1117 Ante
455 1045 558 1105 Deum
599 1034 765 1094 siquidem
815 1028 1002 1088 dlamaus
1033 1028 1125 1088 iaret
1167 1030 1281 1090 vndig
1332 1036 1425 1096 turba

368 1114 436 1174 Et
465 1110 600 1170 partas
630 1108 718 1168 Pona
756 1105 902 1165 frande
931 1104 1077 1164 quunte
1115 1103 1174 1163 opes

362 1194 493 1254 picit
531 1189 593 1249 hec
632 1186 764 1246 Dnus,
779 1184 841 1244 nnc
888 1183 941 1243 rec
957 1182 996 1242 to
1019 1182 1166 1242 limnine
1189 1185 1313 1245 cernit

392 1269 457 1329 De
498 1262 668 1322 meritas
709 1256 838 1316 poenas
886 1254 1122 1314 inditiumqu
1162 1257 1276 1317 parat

328 1342 629 1402 Longanimis
661 1332 751 1392 litet
800 1328 970 1388 hicnon
1011 1328 1117 1388 veldo
1157 1332 1296 1392 Sbera
1329 1339 1450 1399 mittat
207 1355 239 1415 33

394 1419 473 1479 Atq
532 1409 671 1469 animo
700 1403 798 1463 miti
829 1400 1006 1460 pumina
1046 1399 1204 1459 magna
1254 1401 1362 1461 ferat

206 1497 245 1557 55
324 1488 453 1548 Non
492 1483 641 1543 tamen
682 1480 830 1540 oblitus
869 1480 1018 1540 Recti
1057 1481 1226 1541 sufferre
1255 1483 1404 1543 pphana

403 1558 568 1618 Sentina
612 1550 743 1610 Pietum
798 1551 1051 1611 collunniamque
1084 1553 1217 1613 potest

327 1635 542 1695 Sustineat
585 1623 688 1683 quuis
732 1622 929 1682 nommullo
972 1624 1179 1684 tempore,
1196 1623 1299 1683 divas
206 1644 250 1704 11

396 1705 542 1765 Poenas
578 1696 651 1756 olui
678 1693 815 1753 melior
860 1691 942 1751 vita
987 1690 1170 1750 sequato,
1197 1687 1325 1747 habet.

341 1785 424 1845 Ia
466 1772 623 1832 probant
666 1762 855 1822 Dodomae
886 1759 1054 1819 diminis
1096 1760 1254 1820 ignibus
1297 1764 1401 1824 vstae

386 1860 478 1920 Her
520 1848 577 1908 vos
612 1840 719 1900 fatox
775 1832 938 1892 temprra
989 1830 1102 1890 longa
1137 1830 1271 1890 docent

196 1945 237 2005 33
321 1934 446 1994 Non
489 1923 634 1983 amplos
687 1912 802 1972 Dnus
833 1905 1032 1965 Thhesanros
1084 1904 1220 1964 Juitis
1251 1910 1324 1970 anr

413 1997 569 2057 Qurat
619 1989 676 2049 nec
726 1985 833 2045 forti
862 1983 1008 2043 maenia
1058 1985 1175 2045 facta
1213 1989 1330 2049 manu

330 2072 524 2132 Soveuit
560 2059 657 2119 ante
683 2054 789 2114 illum
843 2053 1063 2113 inseranda
1117 2059 1284 2119 potentia
1319 2069 1478 2129 mundi
204 2085 247 2145 11

408 2147 501 2207 Deu
543 2137 728 2197 recidisse
763 2132 889 2192 solent
948 2131 1031 2191 Sole
1057 2132 1200 2192 calente
1226 2135 1336 2195 eines
