2000 2581
273 164 348 224 Hei
375 157 505 217 quoties
539 156 662 216 misere
697 158 800 218 totas
827 159 861 219 ex
888 159 1039 219 ordine
1073 154 1203 214 nortes

277 221 472 281 Ducdens
506 217 694 277 insonnes
734 217 855 277 mollis
888 217 1096 277 dulcedire
1130 215 1272 275 forme¬

286 285 432 345 captae,
455 282 528 342 nec
565 280 653 340 datu
682 279 734 339 ali
756 278 859 338 nobis
903 277 1035 337 finire
1065 278 1212 338 dolorem

284 344 482 404 Insormem
552 340 718 400 imistras
755 338 787 398 si
813 338 883 398 non
915 337 979 397 tua
1017 338 1100 398 cura
1131 340 1284 400 innalit

268 415 328 475 Ali
350 406 485 466 quaties
530 400 665 460 volui
694 399 852 459 tantas
882 400 896 460 e
935 402 1084 462 pectore
1114 403 1226 463 iuas

266 472 443 532 fellere,
468 464 724 524 desiderans
765 461 853 521 roeco
885 462 1094 522 luctarier
1119 463 1231 523 igne.

279 537 370 597 Non
413 529 555 589 tamen
604 523 771 583 insoelix
814 523 989 583 rabidam
1039 528 1239 588 compessere
1272 535 1381 595 Hama

277 594 474 654 Quim,
487 590 557 650 nec
595 588 716 648 tanto
754 588 894 648 morbo
926 590 1098 650 reperire
1130 594 1302 654 medelam

280 663 343 723 Ali
372 656 506 716 fatear
541 650 696 710 tandem
766 650 857 710 quid
893 651 970 711 enim
1027 655 1167 715 eelasse
1196 660 1365 720 innabit

280 724 374 784 Cum
426 715 563 775 gdant
605 711 657 771 sem
742 711 871 771 daras
914 712 982 772 sud
1016 716 1180 776 limina
1222 722 1401 782 Hamas.
210 734 250 794 11

278 791 339 851 Ad
374 784 409 844 te
435 777 625 837 confugio
669 774 860 834 supplex,
870 774 913 834 tn
948 775 1035 835 vota
1078 773 1234 833 prantis

281 850 442 910 Accige,
466 842 537 902 nec
586 838 723 898 pribus
771 837 931 897 nostris
963 838 979 898 o
1003 840 1115 900 thare
1139 842 1324 902 veristas.

285 911 423 971 Numc
451 903 534 963 tibi
561 900 623 960 ne
658 899 775 959 totam
831 900 1003 960 trado,
1017 903 1087 963 tibi
1114 908 1280 968 corporis
1308 914 1418 974 hnius

280 972 373 1032 Jura
415 960 561 1020 damqus
586 956 766 1016 quorunqu
808 958 911 1018 velis
936 961 1004 1021 nos
1038 965 1141 1025 vsque
1149 971 1379 1031 sequemur.

289 1034 402 1094 Vtere
440 1027 471 1087 tu
516 1022 668 1082 nobis,
691 1021 789 1081 semp
819 1022 888 1082 tua
925 1025 1033 1085 iussa
1078 1032 1305 1092 feremnus.

282 1099 340 1159 heu
392 1087 516 1147 plaret
546 1082 751 1142 extremos
781 1085 906 1145 Beras
935 1088 994 1148 &amp;
1008 1091 1133 1151 adire
1169 1095 1338 1155 remotos

286 1152 531 1212 Acthropes,
556 1145 709 1205 parens
751 1146 853 1206 semp
895 1151 1124 1211 conntator
1158 1156 1362 1216 euntem.

279 1219 432 1279 Frigora
470 1210 542 1270 non
579 1208 747 1268 terrent
799 1209 959 1269 fortem,
981 1212 1047 1272 non
1076 1217 1230 1277 aequoris
1267 1221 1384 1281 vndas

279 1279 478 1339 Horveo,
494 1273 540 1333 sed
579 1272 694 1332 fortes
725 1272 871 1332 animo
902 1275 1017 1335 mala
1048 1280 1194 1340 mucta
1232 1285 1394 1345 feremque

278 1342 536 1402 Duiserere
562 1336 674 1396 mei,
691 1336 872 1396 miseras
907 1338 949 1398 ne
975 1339 993 1399 s
1018 1343 1138 1403 perne
1173 1352 1388 1412 querelas,

285 1415 324 1475 ri
354 1406 408 1466 mo
447 1398 531 1458 nun
585 1395 715 1455 aliqua
754 1396 808 1456 est
846 1399 931 1459 mae
961 1403 1031 1463 tibi
1054 1407 1330 1467 inralsalutis.

279 1474 346 1534 Ne
376 1463 498 1523 dubita
546 1457 643 1517 queso
698 1457 830 1517 nullas
867 1459 891 1519 in
934 1462 1091 1522 pertore
1122 1466 1237 1526 iras

278 1526 485 1586 Concipt,
502 1518 656 1578 seturus
699 1518 734 1578 tu
777 1519 923 1579 rnta
967 1524 1087 1584 picula
1130 1529 1259 1589 5pue.

292 1592 476 1652 Conserus
519 1585 577 1645 est
611 1582 762 1642 nemo,
779 1582 913 1642 nullus
921 1583 989 1643 tua
1030 1587 1148 1647 facta
1190 1594 1333 1654 reuelat

288 1659 438 1719 calari
473 1648 609 1708 poterit
657 1644 752 1704 semp
787 1644 869 1704 sine
903 1646 1075 1706 rrimine
1108 1647 1245 1707 culpa.

276 1718 397 1778 Quid
445 1713 525 1773 petis
558 1709 614 1769 abi
638 1704 888 1764 falixnum
936 1704 961 1764 tu
1001 1707 1154 1767 maiora
1186 1718 1323 1778 tenere

290 1775 400 1835 Nemm
452 1767 542 1827 potes
582 1763 664 1823 aut
704 1763 786 1823 pare
816 1764 877 1824 est
907 1766 988 1826 quod
1029 1771 1090 1831 sum
1140 1776 1171 1836 ti
1191 1783 1383 1843 splendida
1414 1797 1567 1857 supples.

287 1834 378 1894 Vicis
402 1831 432 1891 ti
463 1828 675 1888 inseram,
693 1828 783 1888 vicit
819 1828 886 1888 tua
929 1829 989 1889 gra
1031 1833 1183 1893 vultus

296 1893 395 1953 tere
427 1890 649 1950 mancigiis
683 1889 798 1949 claro
839 1890 905 1950 me
947 1892 1046 1952 duce
1078 1898 1308 1958 triumpro.

283 1960 374 2020 Non
408 1955 465 2015 exo
490 1952 532 2012 te
573 1950 789 2010 famulum
848 1951 973 2011 nnum
1063 1956 1105 2016 se
1130 1960 1238 2020 serua
1279 1968 1412 2028 videri

282 2028 402 2088 Posso,
423 2022 459 2082 si
487 2018 607 2078 seruae
643 2016 799 2076 possunt
856 2016 884 2076 te
934 2020 1111 2080 Hectere
1153 2026 1267 2086 vota.

287 2089 419 2149 Quod
463 2085 500 2145 si
522 2084 669 2144 diuitig
706 2085 861 2145 clare,
883 2088 956 2148 nec
1001 2092 1126 2152 gloria
1162 2096 1251 2156 celsa

288 2154 482 2214 Electere
521 2150 560 2210 te
591 2151 816 2211 possunt,
840 2156 1026 2216 nostram
1073 2163 1220 2223 curare
1251 2167 1391 2227 salutem
