2000 2581
877 152 956 212 M.
970 151 984 211 A
1034 151 1048 211 R
1105 154 1205 214 11.

492 219 642 279 Sumpt
676 214 747 274 mei
782 212 949 272 preleris
984 212 1081 272 sint
1133 214 1301 274 Gante
1335 215 1511 275 meinor.

438 294 553 354 Atque
565 290 646 350 solet
691 287 795 347 pano
831 287 969 347 pistas
1015 289 1246 349 demittere
1293 292 1442 352 permas

1079 330 1232 390 Cordida
497 360 598 420 Cum
652 358 778 418 videt
832 358 1027 418 indionis
1066 360 1215 420 nepia
1269 365 1456 425 membra
1503 371 1635 431 prdes.

448 436 506 496 din
529 431 587 491 go
621 426 876 486 conspiciens
910 432 1049 492 tristi
1083 437 1165 497 men
1199 440 1315 500 corpa
1349 437 1441 497 tate

496 507 692 567 perdita,
709 505 887 565 demitto
931 506 1050 566 rorda
1100 509 1237 569 dolove
1280 512 1424 572 pram.

437 578 610 638 Quodque
635 574 713 634 licet
757 574 860 634 solum
930 576 1154 636 lartiromas
1198 582 1241 642 de
1267 586 1431 646 tumine
1475 593 1553 653 Ns
1614 601 1734 661 fundo

607 607 810 667 Werne
492 640 725 700 Relarol
817 641 1001 701 fluitant
1064 646 1135 706 sole
1192 654 1404 714 madente
1439 663 1574 723 nines.

449 715 551 775 Has
571 711 684 771 habeo
725 710 828 770 solas
868 713 1032 773 afflicti
1074 719 1176 779 signa
1227 727 1401 787 doloris,

484 783 540 843 Et
576 782 703 842 lacero
753 785 893 845 molles
950 794 1253 854 vmiverigente
1296 804 1444 864 genas.

458 856 524 916 Vel
558 854 613 914 mo
657 854 912 914 prospiriens
956 866 1232 926 sanctissima
1277 881 1410 941 castra
1443 891 1564 951 reniso

483 922 547 982 Et
578 921 632 981 quae
653 921 717 981 non
769 926 907 986 possum
959 938 1192 998 corpore,
1213 951 1341 1011 corde
1405 958 1552 1018 feror.

437 999 499 1059 die
519 996 582 1056 ego
613 995 623 1055 t
768 997 872 1057 (ine
904 1006 1143 1066 miseram)
1173 1021 1412 1081 longissima
1453 1032 1516 1092 ipa
1557 1038 1681 1098 duco¬

490 1070 612 1130 Spe,
632 1069 825 1129 genntu,
845 1077 1079 1137 lachegmis
1161 1095 1353 1155 flendo,
1374 1107 1547 1167 dolore,
1568 1111 1638 1171 pre

433 1159 488 1219 Al
522 1147 612 1207 quies
656 1141 846 1201 dominum
913 1149 1081 1209 demisso
1114 1160 1282 1220 portore
1316 1165 1427 1225 votis

492 1213 796 1273 Iinessabilibus
838 1215 964 1275 nocte
995 1221 1121 1281 diequi
1154 1225 1279 1285 pror¬

430 1302 547 1362 Num
601 1295 655 1355 qui
676 1292 752 1352 dum
816 1291 923 1351 scribo
967 1292 1074 1352 xotis
1128 1295 1236 1355 opata
1289 1300 1450 1360 pudicis

496 1367 692 1427 Indame
738 1365 874 1425 sumum
953 1367 1103 1427 mente
1148 1372 1305 1432 dolente
1351 1378 1468 1438 deuni

421 1445 440 1505 D
515 1442 562 1502 pr
600 1441 874 1501 omnipotens
921 1442 1099 1502 vindex
1156 1450 1420 1510 sandtissime
1458 1464 1590 1524 mundi

504 1519 611 1579 Qui
643 1516 762 1576 nos,
783 1516 837 1576 quod
859 1516 945 1576 caeli
987 1519 1138 1579 sceptra
1181 1526 1341 1586 supina
1385 1533 1524 1593 regis.

430 1597 535 1657 Qai
567 1589 682 1649 punis
724 1587 904 1647 trepides
946 1589 1083 1649 iusto
1124 1600 1367 1660 modamine
1410 1614 1525 1674 sontes

493 1673 544 1733 At
587 1664 681 1724 noli
716 1658 888 1718 meritis
930 1660 1067 1720 digna
1111 1669 1274 1729 referre
1308 1678 1454 1738 meis.

430 1748 511 1808 dit
553 1742 594 1802 te
625 1738 718 1798 posse
760 1735 863 1795 satis
914 1736 1057 1796 rulpam
1120 1742 1294 1802 rognesso
1346 1752 1531 1812 scelusque

482 1815 572 1875 Hei
609 1809 690 1869 voge
744 1807 952 1867 dementes
1006 1811 1105 1871 perxe
1133 1816 1286 1876 tenere
1322 1825 1520 1885 manus.

432 1887 615 1947 serrami,
638 1881 787 1941 fateor,
821 1880 959 1940 perratu
995 1881 1144 1941 ignesse
1178 1886 1361 1946 fatenti,

486 1955 549 2015 vt
592 1954 709 2014 scelus
740 1954 794 2014 hoc
836 1954 879 2014 sic
910 1954 942 2014 et
973 1955 1037 2015 pra
1079 1957 1249 2017 magua
1280 1959 1355 2019 tua
1386 1963 1471 2023 est.

440 2034 537 2094 Talia
583 2030 662 2090 dum
726 2027 815 2087 posso
851 2027 1029 2087 submussa
1083 2031 1171 2091 vore
1208 2038 1395 2098 tonantem

496 2106 700 2166 Cmmina
759 2104 807 2164 de
841 2104 948 2164 terra
1005 2104 1087 2164 vix
1120 2109 1358 2169 pudibunda
1407 2120 1514 2180 leno.
