2000 2581
606 141 727 201 Quo
788 137 875 197 fada
901 134 988 194 mihi
1015 131 1111 191 causa
1154 130 1276 190 Libido
1311 132 1389 192 fuit

516 215 599 275 Ee
632 212 757 272 iustis
798 209 922 269 merni
955 205 1071 265 poenis
1105 201 1319 261 grauibusq
1378 198 1452 258 pire

599 288 693 348 Nec
731 279 835 339 paenis
882 275 985 335 possem
1033 275 1213 335 sufficere
1250 275 1316 335 ipse
1354 273 1476 333 meis.

531 356 670 416 Quid
704 349 730 409 in
756 346 809 406 hic
834 343 930 403 facies
990 338 1016 398 o
1050 335 1259 395 dementiss.
1276 333 1440 393 primegs

601 433 644 493 Si
662 427 723 487 nos
758 420 819 480 pro
846 412 985 472 meritis
1021 407 1091 467 nun
1143 403 1274 463 pisse
1300 403 1388 463 voles

526 501 661 561 Quis
686 493 735 553 mua
773 488 833 548 jus
846 484 969 544 tirat
1005 478 1177 538 mortalis
1215 476 1412 536 sftendida
1436 480 1584 540 septra¬

607 565 778 625 Indicium
830 556 897 616 quis
927 553 994 613 nam
1046 550 1151 610 possit
1202 550 1307 610 adire
1329 550 1456 610 taum.

550 647 622 707 sei
658 639 737 699 pror
764 633 888 693 iratus
933 625 1129 685 feruentia
1164 623 1261 683 corda
1297 625 1457 685 remitte

593 713 663 773 &Et
694 705 843 765 retrahe
874 700 1008 760 exertam
1063 698 1172 758 vbera
1203 698 1243 758 ad
1274 698 1345 758 alta
1384 699 1526 759 manu.

552 788 718 848 Nostra
753 777 867 837 quidem
929 772 1070 832 meruit
1122 772 1236 832 poena
1281 775 1517 835 turpissima
1553 782 1622 842 vita

601 866 669 926 As
709 859 747 919 in
786 852 913 912 vppli
942 849 1040 909 mun
1087 851 1263 911 miserere
1301 854 1428 914 pater.

530 935 786 995 Dmiserere
815 924 947 984 pater,
967 923 1023 983 fer
1051 922 1185 982 exem,
1203 923 1346 983 depelle
1374 922 1507 982 parata

599 1013 776 1073 Damna
850 1000 965 1060 mone
993 996 1115 1056 mites
1155 995 1217 1055 cum
1271 995 1400 1055 pietate
1434 997 1570 1057 manus

554 1092 654 1152 Talia
690 1080 817 1140 solicito
863 1073 935 1133 dum
990 1068 1172 1128 princeps
1226 1069 1353 1129 saepius
1390 1070 1452 1130 ore

610 1157 844 1217 Ingeminat
906 1146 1068 1206 tristeis
1109 1142 1252 1202 tendit
1293 1142 1323 1202 in
1344 1144 1446 1204 contra
1477 1151 1629 1211 manus.

542 1245 642 1305 Nox
669 1236 769 1296 quoque
796 1227 924 1287 pronem
977 1217 1132 1277 pituram
1187 1214 1305 1274 mittit
1341 1215 1369 1275 in
1405 1220 1513 1280 vrbem

621 1314 758 1374 Qui
791 1306 920 1366 stamet
968 1298 1097 1358 medio
1129 1294 1226 1354 talia
1274 1294 1363 1354 iussa
1403 1298 1492 1358 foro.

459 1404 509 1464 R
568 1396 651 1456 157
676 1390 719 1450 11
777 1385 844 1445 cum
886 1379 978 1439 Enus
1003 1375 1087 1435 coeli
1120 1373 1221 1433 nunc
1263 1373 1396 1433 damna
1421 1377 1572 1437 minetur

196 1459 369 1519 Edictum
216 1511 374 1571 pubslinnen.
607 1461 676 1521 Et
736 1457 856 1517 fatum
895 1451 1004 1511 nobis
1044 1446 1253 1506 excidiunq
1322 1448 1431 1508 paret

543 1555 642 1615 Nec
686 1538 802 1598 modo
838 1527 1008 1587 decernit
1062 1523 1197 1583 nostre
1223 1523 1285 1583 rex
1322 1526 1474 1586 imlitus
1509 1532 1608 1592 vebis

625 1613 775 1673 Quae
810 1608 836 1668 in
880 1605 932 1665 po
994 1600 1153 1660 effectum
1205 1599 1293 1659 vult
1329 1602 1486 1662 habuisse
1524 1605 1648 1665 simul

558 1693 698 1753 Dobria
736 1677 954 1737 conseruent
999 1671 1120 1731 omnes
1165 1672 1306 1732 ieimua
1357 1678 1491 1738 ventris

641 1759 714 1819 Dec
750 1752 914 1812 cupidum
960 1746 1096 1806 videat
1141 1745 1278 1805 pabula
1315 1747 1378 1807 leta
1424 1751 1543 1811 peris.

552 1834 718 1894 Romante
761 1827 869 1887 nubes
902 1823 1053 1883 paotiosae
1078 1823 1229 1883 munire
1278 1827 1421 1887 vestes
1480 1847 1488 1907 1

612 1910 842 1970 Funestus
877 1904 1004 1964 sactus
1038 1899 1176 1959 tristia
1223 1899 1395 1959 membra
1417 1907 1522 1967 tegat

557 1986 688 2046 Inque
701 1981 806 2041 caput
858 1975 1014 2035 eimeres
1042 1973 1158 2033 afflic
1185 1973 1237 2033 tum
1290 1975 1473 2035 5pangite
1498 1981 1642 2041 ingros

644 2060 835 2120 Cundite
863 2057 921 2117 luc
949 2054 1064 2114 tifica
1111 2053 1263 2113 pertora
1312 2054 1464 2114 maesta
1502 2057 1626 2117 manu
