2000 2581
527 204 669 264 Darai
701 196 799 256 rapta
844 194 876 254 ab
909 196 1116 256 Abimelertu
1150 201 1290 261 Abra¬

589 266 661 326 lae
702 256 889 316 marito.
961 254 1074 314 Gen.
1095 255 1198 315 20.

353 357 451 417 Lt
487 354 559 414 soror
576 352 613 412 &et
639 350 738 410 coninx
774 348 819 408 dim
864 348 917 408 tua
962 348 1043 408 vore
1079 351 1195 411 sororis

404 429 485 489 Hac
518 418 614 478 mitte
639 410 769 470 infalix
800 409 906 469 verba
930 409 1068 469 legenda
1100 408 1181 468 tibi¬

375 492 399 552 i
415 485 496 545 sinis
528 478 593 538 ipse
626 472 740 532 tamen
780 468 894 528 iustos
927 467 983 527 ine
1015 468 1130 528 funde
1146 470 1267 530 luctus

409 544 513 604 Paura
546 535 598 595 exo
629 530 662 590 de
693 524 820 584 merito
862 520 978 580 fratre
1009 520 1115 580 virap
1168 523 1273 583 grar¬

360 608 478 668 Quid
518 598 542 658 in
589 589 724 649 infaelix
763 582 827 642 num
890 579 946 639 tibi
977 580 1112 640 cognita
1167 586 1293 646 scribam

409 667 495 727 Non
527 653 636 713 eterum
698 643 816 703 luctus
862 642 886 702 in
901 642 987 702 seins
1026 643 1088 703 ipse
1127 645 1205 705 mei
1237 646 1308 706 es.

364 730 435 790 Ne
465 721 551 781 terret
587 709 746 769 abreptam
804 701 825 761 pe
854 700 919 760 von
969 699 1063 759 mine
1121 702 1286 762 Barbarus
1315 712 1409 772 hostis

411 778 561 838 truitam
616 767 718 827 contra
780 761 883 821 iusque
916 759 1067 819 piunque
1094 757 1197 817 tenet

368 848 451 908 Nec
492 834 618 894 tamen
659 824 749 884 illius
784 820 818 880 im
867 815 1075 875 touamina
1123 814 1214 874 diri¬

423 897 556 957 Quam
614 884 672 944 tua
722 875 897 935 commibij
922 872 1096 932 dempura
1129 873 1253 933 pignera
1278 876 1337 936 leta
1370 878 1469 938 quor.

366 959 531 1019 Nampt
562 946 687 1006 pegrim
742 938 821 998 quod
852 934 907 994 sum
954 932 1048 992 nona
1095 932 1157 992 poaa
1205 934 1345 994 Epraum

413 1019 525 1079 EAo
580 1010 619 1070 um
658 1005 690 1065 se
737 999 831 1059 duris
879 994 1075 1054 consilijsque
1106 995 1216 1055 tuis.

378 1085 460 1145 Dace
494 1074 549 1134 ta
589 1064 747 1124 dicam,
774 1058 911 1118 rapuit
952 1057 1027 1117 quod
1082 1057 1273 1117 Barbaris
1307 1057 1409 1117 Heros

419 1143 513 1203 Fecit
557 1133 616 1193 quae
643 1129 668 1189 in
702 1124 839 1184 timndo
882 1121 933 1181 per
950 1120 1019 1180 tore
1053 1117 1130 1177 iura
1165 1114 1268 1174 fuit.

376 1203 461 1263 Dum
527 1191 659 1251 metus
712 1183 830 1243 vitae,
843 1181 909 1241 dum
969 1180 1060 1240 dura
1100 1179 1212 1239 pitula
1252 1178 1357 1238 vitas

420 1266 481 1326 Ae
504 1253 664 1313 iniseram
733 1242 885 1302 damnis
938 1240 1053 1300 obijcis
1083 1239 1151 1299 ipse
1190 1237 1259 1297 tuis

1316 1294 1364 1354 al
393 1329 447 1389 tq
495 1316 605 1376 etenim
660 1305 825 1365 primun
888 1301 1045 1361 Geraren
1093 1295 1306 1355 intrauunus

416 1381 617 1441 Rressimus
655 1370 709 1430 &amp;
740 1364 817 1424 lasso
849 1361 910 1421 non
949 1357 1010 1417 loca
1049 1357 1126 1417 nota
1164 1357 1280 1417 pede,

377 1448 502 1508 Nescio
542 1438 598 1498 qua
639 1429 729 1489 causa
777 1424 838 1484 ium
893 1417 1052 1477 formosa
1093 1414 1244 1474 videbar

414 1513 463 1573 Et
506 1502 562 1562 tibi
590 1494 626 1554 ve
661 1485 789 1545 timudo
839 1478 931 1538 causa
981 1475 1130 1535 tirnoris
1172 1475 1257 1535 eram

362 1569 422 1629 Et
462 1555 589 1615 mitris
628 1542 808 1602 formaeque
835 1536 928 1596 meae
968 1532 1095 1592 vitaeque
1121 1530 1254 1590 tuisque

442 1622 544 1682 Hei
578 1606 697 1666 metus
738 1597 900 1657 infamis
941 1595 1001 1655 non
1043 1594 1128 1654 decet
1161 1593 1212 1653 ille
1246 1592 1339 1652 virum

374 1680 595 1740 Apprederis
628 1664 760 1724 placide
804 1657 859 1717 me
881 1655 948 1715 iam
981 1654 1035 1714 oia
1080 1653 1156 1713 tata
1191 1654 1377 1714 timente,

431 1743 482 1803 amp;
532 1734 575 1794 n
617 1726 684 1786 eum
734 1716 912 1776 lacteomis
962 1712 1046 1772 talia
1080 1713 1181 1773 verba
1224 1719 1359 1779 refers.

296 1807 508 1867 Boror
541 1796 597 1856 &amp;
615 1789 729 1849 roniux
777 1780 867 1840 vitae
884 1776 900 1836 5
916 1774 966 1834 pes
1006 1774 1120 1834 vnira
1161 1779 1299 1839 nostre,

433 1867 532 1927 Qug
587 1852 677 1912 sacta
713 1845 749 1905 es
785 1838 920 1898 damnib
957 1835 975 1895 5
1038 1834 1146 1894 adesse
1182 1836 1308 1896 meis.

362 1932 470 1992 Jse
506 1918 614 1978 peguim
665 1903 853 1963 calcamus
903 1894 1084 1954 primipis
1127 1893 1222 1953 oras

453 1988 523 2048 die
556 1976 634 2036 Beus
674 1962 950 2022 omnupttems,
958 1957 997 2017 sic
1028 1956 1099 2016 mea
1139 1955 1210 2015 fata
1249 1954 1391 2014 volunt.

375 2049 455 2109 Nec
493 2038 611 2098 seimiis
655 2028 766 2088 populi
803 2024 914 2084 mores
988 2022 1032 2082 an
1069 2022 1158 2082 iussi
1195 2023 1365 2083 tonantis

425 2102 624 2162 Horveat,
643 2091 705 2151 aut
755 2087 835 2147 coeli
860 2086 947 2146 mua
984 2086 1078 2146 nulla
1122 2088 1202 2148 solat
