2000 2581
841 106 853 166 R
918 106 990 166 EB
1043 104 1103 164 EC
1150 105 1251 165 CA.

487 166 637 226 Mirate
675 161 848 221 eladios,
871 160 1028 220 galeas,
1044 160 1247 220 hastilia,
1269 161 1360 221 senta

1089 196 1340 256 ultimiisse
1386 194 1530 254 mani
543 231 591 291 Et
631 225 781 285 iaculum
835 222 978 282 pandet
1025 221 1175 281 degtara
1222 224 1317 284 feude
1351 227 1460 287 prt

473 294 535 354 Et
575 290 678 350 modo
709 287 748 347 quae
771 285 889 345 spluas
929 283 1039 343 modo
1078 284 1188 344 suma
1219 286 1416 346 cacumna
1463 294 1565 354 ferter

1143 317 1188 377 Cen
547 358 644 418 Atque
671 353 742 413 agit
776 349 936 409 infostos
971 346 1016 406 pr
1025 346 1104 406 inga
1139 346 1158 406 H
1281 348 1414 408 ranes.

475 420 566 480 Sape
591 414 633 474 go
684 409 783 469 ptimu
850 406 950 466 fieret
984 406 1025 466 ne
1059 407 1167 467 proda
1209 408 1368 468 ferarum

546 477 614 537 Ant
644 472 792 532 caderet
841 469 921 529 seuo
965 468 1069 528 dente
1119 469 1291 529 farentis
1328 471 1408 531 apri

484 542 548 602 hic
577 539 642 599 vbi
670 534 864 594 inaequali
901 531 1052 591 studio
1095 531 1203 591 vaga
1253 534 1376 594 tempa
1404 538 1490 598 vitae

542 609 694 669 Vinitis
732 605 758 665 in
796 602 910 662 annos
948 599 1056 659 turba
1101 599 1260 659 gernella
1304 603 1438 663 pares.

484 678 547 738 Et
580 675 644 735 iam
707 669 867 729 venisset
916 666 1012 726 vobis
1043 666 1236 726 robustior
1267 670 1395 730 atas,

552 750 658 810 Actas
695 741 758 801 hei
794 737 887 797 votis
930 735 1016 795 saepe
1044 735 1150 795 petita
1194 736 1322 796 meis.

504 820 594 880 Cum
636 812 701 872 iam
768 807 809 867 de
851 803 958 863 vobis
999 802 1147 862 quoenis
1189 803 1313 863 solatia
1354 807 1486 867 spero¬

543 885 628 945 Hei
646 877 765 937 magis
800 872 825 932 in
859 870 996 930 luctum
1048 870 1082 930 ia
1133 872 1261 932 reperta
1313 876 1416 936 meum
1450 880 1501 940 est

511 961 605 1021 Vor
635 947 824 1007 permanus
872 939 986 999 Esan
1043 939 1176 999 quersae
1215 943 1366 1003 tarbine
1395 950 1537 1010 mentis

559 1018 726 1078 dendidit
755 1012 806 1072 hoc
835 1009 864 1069 in
894 1008 922 1068 te
959 1006 1010 1066 ins
1053 1006 1126 1066 quod
1162 1007 1308 1067 habebat
1351 1011 1467 1071 mers.

515 1088 622 1148 Hinc
658 1079 730 1139 odin
810 1072 927 1132 glissit
972 1071 1088 1131 duod,
1115 1074 1366 1134 maestissima
1402 1080 1482 1140 mat

551 1157 604 1217 Al
640 1152 702 1212 nim
755 1145 834 1205 cepi
861 1141 949 1201 saept
976 1139 1127 1199 timere
1171 1143 1259 1203 tibi.

523 1226 618 1286 tque
637 1216 713 1276 solet
750 1209 817 1269 fiee
865 1204 988 1264 nunque
1007 1204 1159 1264 meliora
1207 1214 1416 1274 sequunte.

559 1290 617 1350 dic
650 1282 734 1342 odijs
768 1275 860 1335 semp
902 1273 1053 1333 contigit
1096 1276 1187 1336 ausa
1229 1283 1371 1343 honis.

221 1394 306 1454 Gen.
317 1390 363 1450 27
501 1361 565 1421 lla
602 1354 667 1414 dies
704 1346 823 1406 nomit
870 1342 1026 1402 multum
1073 1343 1138 1403 quo
1165 1349 1323 1409 linime
1350 1360 1479 1420 casuus

560 1420 721 1480 Optanit
767 1412 910 1472 prodam
973 1412 1125 1472 fratris
1162 1417 1305 1477 habere
1349 1424 1412 1484 par

1048 1453 1073 1513 in
1092 1456 1156 1516 qua
523 1489 576 1549 cum
622 1482 652 1542 in
690 1478 857 1538 consilijs
887 1479 962 1539 mis
1007 1481 1023 1541 a
1076 1486 1205 1546 frallu
1242 1491 1348 1551 doloso

544 1550 763 1610 Surriperes
809 1545 953 1605 fratris
991 1547 1074 1607 iura
1127 1554 1287 1614 suprema
1333 1561 1416 1621 tui.

523 1621 640 1681 ellibus
680 1614 719 1674 vt
750 1611 869 1671 testus
908 1612 1018 1672 circum
1073 1616 1136 1676 tua
1183 1621 1270 1681 colla
1309 1627 1505 1687 manusque

557 1692 605 1752 Ad
632 1682 753 1742 patrem
809 1678 921 1738 defers
959 1680 1071 1740 corde
1109 1688 1304 1748 tremente
1341 1691 1416 1751 ribos

512 1754 582 1814 um
623 1748 658 1808 ti
686 1744 741 1804 ins
783 1743 915 1803 fratris
957 1746 1124 1806 tribuens
1166 1754 1360 1814 beredixit
1395 1761 1437 1821 et
1458 1764 1562 1824 haius

561 1814 791 1874 Constituit
835 1809 902 1869 dum
961 1812 1101 1872 nescius
1131 1817 1198 1877 ipse
1227 1820 1368 1880 pater.

510 1885 552 1945 vt
578 1877 663 1937 vero
696 1873 807 1933 rediit
849 1873 942 1933 irsu
977 1876 1138 1936 defessus
1180 1881 1307 1941 autelo

540 1933 555 1993 Q
692 1934 722 1994 et
752 1934 791 1994 ed
836 1938 950 1998 patrem
1018 1944 1162 2004 ferrula
1208 1949 1306 2009 lauta
1345 1953 1436 2013 talit

487 2013 680 2073 Actoritus
717 2004 910 2064 genitor,
933 2005 1103 2065 quoniam
1163 2010 1185 2070 se
1214 2014 1333 2074 erasse
1363 2022 1504 2082 videbat

532 2077 728 2137 Exposuit
781 2073 895 2133 fratri
932 2073 1083 2133 tallida
1135 2077 1249 2137 furta
1294 2081 1384 2141 tuo.
