2000 2581
640 128 658 188 5
697 124 714 184 E
766 122 1045 182 LAICR.

274 187 432 247 Omnia
481 182 640 242 deflebis
690 180 789 240 sero
831 177 939 237 male
972 175 1072 235 pradlita
1114 171 1239 231 ivisti¬

338 252 478 312 Latis
524 245 618 305 nume
664 242 726 302 hei
758 240 819 300 nim
881 239 1013 299 fidere
1053 239 1161 299 stulta
1208 241 1308 301 soleo¬

294 321 377 381 Qum
434 310 517 370 mea
574 304 632 364 me
673 303 806 363 virtus
855 305 970 365 sempe
994 307 1077 367 sine
1102 308 1176 368 fine
1201 308 1300 368 seque

347 385 413 445 Atq
471 371 662 431 senertatis
702 368 802 428 mite
835 370 1025 430 lenamen
1067 371 1174 431 erit¬

286 448 407 508 Finot
457 439 487 499 ag
538 433 648 493 nunc
688 429 829 489 nullum
880 430 939 490 ma
990 434 1181 494 comerria
1221 442 1341 502 furti¬

341 514 432 574 Nec
461 504 622 564 quenque
642 498 743 558 lusus
783 496 873 556 posse
914 497 1064 557 videre
1104 503 1234 563 tuos.

300 588 354 648 At
401 580 532 640 veret
579 572 725 632 tempus
763 568 803 628 qud
818 567 849 627 ta
888 567 949 627 tua
996 568 1104 628 facta
1143 578 1336 638 renoluent

332 646 579 706 Dannabis
623 639 727 699 rupti
772 637 884 697 debita
929 637 1019 697 iura
1063 639 1160 699 tori¬

294 719 429 779 tamque
453 713 527 773 dies
552 709 675 769 veniet
713 706 749 766 qua
773 706 824 766 in,
848 706 922 766 Att
959 707 1033 767 eOX
1057 713 1279 773 NI222.
1305 727 1390 787 alta

350 792 421 852 Sed
456 784 493 844 te
528 776 714 836 nequisqui
759 775 848 835 vore
885 776 1054 836 inuante
1098 782 1276 842 gemes.

280 855 401 915 Quid
443 848 470 908 ti
504 844 599 904 tunt
642 841 771 901 animi
815 840 952 900 fuerit
988 842 1064 902 cum
1117 847 1212 907 cassa
1254 853 1383 913 pudore

342 917 514 977 Deflebis
563 908 669 968 fidei
719 906 882 966 foedera
932 907 1029 967 rupta
1079 909 1176 969 tuae.

291 990 398 1050 Tene
437 980 622 1040 Cgeneris
662 974 827 1034 diretts)
847 974 993 1034 puduit
1033 975 1101 1035 non
1130 977 1256 1037 quaefida
1296 981 1393 1041 castu

350 1045 561 1105 Simplicis
601 1041 667 1101 ali
692 1040 757 1100 dii
797 1041 1066 1101 comaculasse
1107 1047 1269 1107 torum.

294 1110 404 1170 Tune
444 1106 554 1166 putri
594 1105 735 1165 rebris
775 1107 941 1167 faedata
988 1110 1011 1170 in
1050 1112 1200 1172 corpore
1232 1115 1334 1175 vugis

351 1172 542 1232 Lujisti
569 1171 673 1231 lecti
709 1172 866 1232 perfida
919 1175 1033 1235 facta
1076 1179 1233 1239 fidem?

288 1241 406 1301 Hine
440 1235 609 1295 gemitus
660 1235 812 1295 duces,
837 1237 922 1297 hinc
965 1242 1125 1302 Aetibus
1159 1249 1218 1309 ora
1261 1258 1404 1318 rigabis

343 1308 456 1368 Meqi
494 1302 622 1362 simul
652 1300 750 1360 tecum
818 1301 901 1361 tum
969 1306 1082 1366 piisse
1128 1313 1263 1373 voles.

453 1348 517 1408 sibi
545 1344 592 1404 qud
615 1342 638 1402 5
661 1339 782 1399 burias
817 1338 985 1398 cernetet
306 1379 436 1439 Kuickh
470 1376 558 1436 qut
601 1372 739 1432 suutot
844 1364 982 1424 eonate
1061 1355 1243 1415 fersitam
1278 1350 1313 1410 in

341 1445 470 1505 Nator
511 1438 647 1498 piurae
681 1437 831 1497 crimen
872 1438 1022 1498 onnsque
1049 1443 1185 1503 donus

286 1519 385 1579 Haec
415 1509 551 1569 raueas
588 1503 694 1563 inbeo
732 1503 929 1563 ducens
974 1507 1057 1567 sne
1080 1512 1231 1572 rrimine
1269 1520 1382 1580 vitam

345 1582 391 1642 Si
414 1579 446 1639 te
477 1574 570 1634 rura
609 1573 757 1633 domus
796 1574 896 1634 eura
944 1577 1052 1637 tuqe
1083 1579 1185 1639 tenet

306 1648 359 1708 di
374 1645 443 1705 non
481 1642 550 1702 illa
589 1640 795 1700 monent,
817 1640 932 1700 sumo
978 1645 1193 1705 inducaris
1230 1659 1376 1719 honore

345 1717 394 1777 Et
434 1714 581 1774 proprij
602 1710 720 1770 iuram
770 1708 828 1768 queso
888 1709 1046 1769 pudoris
1085 1716 1194 1776 habe

299 1794 407 1854 Qug
445 1787 543 1847 modo
582 1781 719 1841 prellis
767 1778 827 1838 sum
895 1778 983 1838 quod
1023 1782 1160 1842 sponsa
1198 1791 1345 1851 mariti

343 1862 393 1922 Ex
436 1853 623 1913 Pharias
666 1849 767 1909 inter
810 1849 946 1909 gloria
990 1853 1127 1913 prima
1162 1862 1335 1922 murus.

303 1929 537 1989 Hactenus
574 1921 631 1981 &amp;
659 1921 827 1981 pulesros
874 1924 1070 1984 inpisti
1098 1934 1257 1994 corpore
1296 1944 1416 2004 mores

349 2001 563 2061 Dignaqui
589 1993 777 2053 virtutis
822 1992 1008 2052 iumera
1053 1996 1213 2056 dinitijs

293 2073 472 2133 Annum
551 2065 722 2125 comittes
766 2063 859 2123 coero
894 2064 1016 2124 male
1059 2069 1174 2129 puaedita
1225 2080 1353 2140 amore
