2000 2581
717 144 905 204 11051

291 211 360 271 Ali
383 206 521 266 inserere
552 203 651 263 mei,
675 201 736 261 nec
774 200 805 260 te
859 199 1059 259 meminisse
1097 198 1243 258 priorum

345 286 429 346 Num
480 275 601 335 velis,
614 272 627 332 o
660 272 736 332 vita
781 271 916 331 tharior
955 271 1012 331 ipse
1044 270 1147 330 mea.

303 358 384 418 Ipsa
430 346 556 406 quidem
619 340 746 400 fateor
790 339 943 399 vesanae
980 339 1124 399 turtine
1151 339 1278 399 mentis

354 432 385 492 In
432 418 597 478 proprias
635 410 761 470 clades
801 407 973 467 maxima
1019 406 1044 466 in
1090 404 1184 464 fui¬

304 505 393 565 Nil
420 498 455 558 in
491 489 687 549 peccasti,
705 485 776 545 non
803 485 865 545 est
892 485 945 545 tua
981 487 1079 547 culpa
1132 490 1212 550 quod
1239 494 1319 554 orba

357 576 397 636 re
430 564 569 624 careo,
585 555 724 615 coniux
766 553 830 613 qui
856 554 970 614 mihi
1002 557 1101 617 digis
1141 562 1255 622 eras.

316 640 385 700 Als
402 633 551 693 memini
587 629 708 689 noctis
752 628 822 688 quae
856 629 918 689 ine
953 635 1188 695 maestissima
1223 648 1301 708 fuit

331 710 570 770 Linquerem
618 704 659 764 vt
692 704 750 764 hoc
783 705 898 765 mores
930 709 1045 769 chare
1078 714 1218 774 marite
1251 723 1357 783 tuos.

315 785 403 845 Cum
441 779 537 839 tecum
582 775 752 835 comitata
796 776 885 836 meos
929 780 1115 840 infausta
1152 787 1307 847 penates

349 863 367 923 t
394 855 512 915 inquo
557 848 620 908 nec
656 846 701 906 vt
746 846 918 906 decuit,
946 850 1045 910 fida
1090 857 1225 917 sodalis
1262 865 1378 925 eram.

150 895 243 955 Lum
102 950 200 1010 geut
235 979 271 1039 d
308 900 331 960 te
358 897 461 957 melo
536 890 540 950 s
779 922 900 982 proptu
937 925 1047 985 mala
1085 930 1252 990 crimina
1289 934 1372 994 legis

367 1016 435 1076 Vix
476 1008 570 1068 potui
613 999 781 1059 auxilijs
824 997 1010 1057 cripnisse
1043 1001 1129 1061 meis

312 1096 402 1156 Aque
426 1087 459 1147 vt
482 1080 562 1140 eram
606 1072 822 1132 pradeus,
845 1073 1025 1133 ninioll
1060 1077 1116 1137 sic
1150 1080 1252 1140 mota
1297 1083 1422 1143 dolore

345 1160 544 1220 Lupebam
603 1146 702 1206 nati
743 1142 911 1202 valuora
961 1143 1079 1203 renda
1120 1148 1219 1208 mei.

330 1243 433 1303 Veque
451 1233 563 1293 sumnis
609 1224 739 1284 semper
776 1220 887 1280 ninis
935 1220 971 1280 ad
1017 1220 1186 1280 comnicia
1232 1224 1417 1284 promptae

364 1313 491 1373 ncepi
520 1302 634 1362 cultus
684 1294 933 1354 vituperare
975 1294 1082 1354 tuos.

351 1389 496 1449 inproba
531 1377 616 1437 quid
664 1369 760 1429 feri:
796 1365 867 1425 quo
893 1363 964 1423 tum
1037 1362 1084 1422 ego
1120 1362 1229 1422 digna
1276 1366 1408 1426 fuissem

366 1463 545 1523 Supplicio
583 1451 665 1511 nisi
694 1446 732 1506 tu
784 1442 926 1502 mitior
971 1441 1054 1501 ipse
1098 1441 1203 1501 fores

315 1541 409 1601 Nec
452 1530 537 1590 satis
579 1522 648 1582 hoc
682 1514 878 1574 fuerat,
895 1511 1057 1571 patrias
1109 1514 1288 1574 diuertor
1330 1521 1374 1581 ad
1399 1528 1509 1588 aedes.

371 1606 459 1666 Hac
489 1596 537 1656 ego
577 1586 743 1646 debebam
802 1584 870 1644 tum
948 1586 1096 1646 periisse
1135 1590 1224 1650 via.

313 1686 389 1746 Sed
426 1674 456 1734 tn
493 1663 645 1723 maiori
673 1655 891 1715 compulsus
939 1660 1109 1720 mumine
1146 1671 1298 1731 pergis.

397 1745 433 1805 t
469 1734 625 1794 videas
661 1725 789 1785 gentis
843 1725 971 1785 ponda
1016 1733 1107 1793 dura
1143 1743 1225 1803 tuae

314 1814 522 1874 Qpictas
556 1800 699 1860 tantos
731 1797 807 1857 non
852 1798 973 1858 digna
1017 1805 1159 1865 subire
1192 1817 1335 1877 labores

375 1891 392 1951 D
451 1881 576 1941 pietas
609 1877 752 1937 mnserae
802 1878 961 1938 cognita
1020 1881 1103 1941 saepe
1137 1882 1262 1942 mihi¬

318 1964 421 2024 Non
460 1955 618 2015 Pharao
658 1951 839 2011 terret,
864 1952 1037 2012 quoniam
1101 1960 1243 2020 dimina
1291 1971 1480 2031 voluntas

369 2045 428 2105 Et
469 2031 568 2091 mili
598 2027 855 2087 navrabas)
886 2035 1015 2095 triste
1045 2044 1185 2104 inbebat
1224 2051 1343 2111 opus

333 2118 428 2178 Hter
453 2107 556 2167 miti
590 2101 847 2161 narratas,
872 2104 924 2164 sed
958 2108 1027 2168 non
1077 2112 1138 2172 me
1172 2117 1291 2177 dicta
1335 2121 1514 2181 iodebart
1344 2148 1518 2208 monelant
