2000 2581
274 166 465 226 Coningis
494 166 663 226 instituis
737 168 817 228 num
869 169 898 229 te
927 171 993 231 non
1038 173 1103 233 ulla
1141 174 1361 234 monebant

283 233 469 293 Offitia,
494 231 707 291 inforlis,
724 235 860 295 iisero
885 238 928 298 quae
945 240 1065 300 praestiti
1090 242 1260 302 demens

268 298 414 358 Qutte
460 296 653 356 famulus
707 297 839 357 periis
877 300 1008 360 opibus
1046 304 1216 364 mumisque
1247 307 1455 367 redemptur

279 363 495 423 Nosteis,
521 359 619 419 num
684 360 802 420 talem
861 362 966 422 nobis
1005 365 1161 425 inqrate
1201 369 1371 429 resendis

275 428 459 488 Ctratiam
515 421 551 481 vt
601 420 629 480 in
671 420 891 480 thalamos
934 426 1125 486 violentus
1154 432 1281 492 nunst
1310 436 1394 496 mas

272 489 514 549 Instituas,
529 484 604 544 non
642 483 740 543 talis
770 484 860 544 exas
890 486 966 546 eum
1011 489 1147 549 tustis
1170 491 1200 551 et
1238 493 1344 553 qeus
1388 495 1532 555 pessime,
1546 493 1652 553 panque

269 558 358 618 Huc
390 551 431 611 ad
455 548 521 608 ins
554 545 683 605 patriis
724 544 903 604 veniebas
944 546 1009 606 duc
1033 548 1091 608 tus
1123 551 1164 611 ab
1188 554 1285 614 ovis.

275 625 342 685 Ast
376 615 437 675 Vvbi
457 610 539 670 mins
565 607 694 667 pladido
721 607 816 667 vultu
857 608 999 668 fortina
1033 609 1175 669 refulsit

265 676 420 736 Erigere
446 671 582 731 excelsos
614 670 756 730 aninus
776 671 834 731 &amp;
847 672 970 732 tollere
996 672 1138 732 rristas

289 743 425 803 repisti
445 736 629 796 studea,
642 734 711 794 non
745 734 806 794 hoc
840 734 1044 794 contentus
1071 734 1221 794 lenore,
125 742 237 802 Impie

282 806 307 866 In
345 797 535 857 thalames
574 793 707 853 nostros
745 793 884 853 placuit
922 794 979 854 tibi
1005 794 1144 854 sinere
1163 793 1239 853 iura

271 867 341 927 Ast
376 862 426 922 exo
454 859 482 919 in
525 855 637 915 poene
659 855 820 915 cupidum
869 856 1032 916 maiura
1060 858 1250 918 iouerent

269 927 477 987 Arciperem
529 917 716 977 manibus
753 916 879 976 pprijs,
894 916 1094 976 praerimine
1124 917 1251 977 ponas

272 990 473 1050 Expossens
505 983 723 1043 meritas,
738 982 770 1042 se
802 983 875 1043 non
907 984 963 1044 hec
1004 987 1181 1047 tempora
1212 990 1309 1050 nobis

262 1056 393 1116 Etino
421 1050 640 1110 condignas
677 1047 815 1107 poenas
851 1048 961 1108 mnnt
990 1049 1019 1109 in
1063 1050 1224 1110 tempore
1260 1053 1376 1113 sinnes

263 1125 442 1185 Abripite
480 1121 540 1181 lin
607 1117 719 1177 scelus
757 1115 951 1175 ingratum
1011 1115 1242 1175 manibusque
1273 1121 1474 1181 reuunctum

277 1187 508 1247 Etringite,
532 1184 573 1244 et
598 1182 780 1242 insamem
829 1180 1035 1240 spelunris
1068 1180 1192 1240 abdite
1224 1182 1356 1242 raecis.

213 1249 445 1309 Annerunt
484 1243 644 1303 famuli
668 1244 820 1304 tristeis
835 1245 899 1305 &amp;
907 1247 1003 1307 insra
1036 1245 1227 1305 rapessumt

268 1318 340 1378 Atq
386 1308 538 1368 manus
572 1305 696 1365 ligunt
736 1307 914 1367 teneras
947 1310 1006 1370 uil
1039 1313 1125 1373 tale
1158 1313 1349 1373 merentes

272 1379 420 1439 simnuti,
444 1375 515 1435 din
554 1374 601 1434 sed
640 1373 726 1433 iussa
749 1373 797 1433 &et;
820 1374 906 1434 fata
946 1375 1141 1435 ferebant

257 1458 319 1518 Als
343 1448 467 1508 quoties
505 1438 638 1498 patriae
677 1436 840 1496 memor
872 1436 981 1496 alia
1020 1438 1160 1498 tristis
1183 1439 1277 1499 sosept

272 1522 393 1582 Ploeat
428 1512 464 1572 et
486 1509 493 1569 e
521 1505 664 1565 maesto
692 1502 792 1562 duuit
835 1502 978 1562 suspiria
1006 1503 1142 1563 corde.

262 1590 325 1650 Als
345 1577 478 1637 quoties
513 1568 618 1628 apros
659 1565 805 1625 patrios
848 1567 1049 1627 charumg
1098 1566 1286 1626 parentem

268 1649 416 1709 Infaelix
453 1638 609 1698 recolit,
631 1634 780 1694 fratres
817 1634 876 1694 qui
906 1634 935 1694 ia
980 1633 1180 1693 inalorum

269 1719 340 1779 Cum
391 1711 470 1771 tore
498 1705 707 1765 fuerant,
728 1700 808 1760 non
843 1699 959 1759 talem
1016 1699 1124 1759 rorde
1159 1701 1296 1761 dolorem

265 1779 450 1839 Hanserat
497 1769 543 1829 hic
572 1767 599 1827 ex
636 1765 692 1825 quo
729 1764 813 1824 prij
859 1765 1073 1825 deductus
1109 1767 1147 1827 ab
1175 1768 1258 1828 oris

266 1847 366 1907 Vernt
408 1843 441 1903 ad
482 1837 616 1897 Aegupti
641 1830 850 1890 plumarum
900 1830 1008 1890 nescia
1042 1835 1183 1895 rgna.

221 1909 308 1969 Mox
335 1905 492 1965 famuili
528 1899 720 1959 abducunt
756 1896 861 1956 iisee
913 1896 1053 1956 robisque
1072 1904 1247 1964 dolentem

267 1969 418 2029 Solante
455 1965 614 2025 placidis
636 1965 674 2025 et
697 1965 833 2025 tristia
871 1967 1014 2027 pertora
1059 1970 1218 2030 mulrent

263 2031 444 2091 Primipis
482 2027 573 2087 hinc
610 2026 701 2086 aedes
739 2026 890 2086 adennt
935 2029 1003 2089 vbi
1033 2031 1147 2091 regius
1169 2036 1244 2096 illis

251 2096 467 2156 Extuutus
504 2090 631 2150 carcer
677 2090 826 2150 tristis
863 2093 1042 2153 instodia
1079 2096 1214 2156 sontum

263 2157 357 2217 Huc
402 2154 462 2214 vbi
496 2152 774 2212 deueninnt,
791 2153 949 2213 soluunt
1018 2157 1252 2217 traduntque
1278 2165 1460 2225 magistro

266 2225 474 2285 Cauers,
490 2221 554 2281 hic
586 2220 794 2280 sumptum
859 2221 1059 2281 temebras
1107 2225 1291 2285 contusit
1330 2229 1363 2289 in
1395 2233 1523 2293 atras.

631 2290 757 2350 Ainis
798 2290 872 2350 lib.
903 2291 967 2351 2.
