2000 2581
341 191 457 251 Quid
498 186 567 246 quar
601 185 718 245 infaelis
774 185 828 245 aut
870 188 958 248 vnde
987 190 1110 250 exordia
1151 196 1268 256 simam

417 250 555 310 Cristia
594 246 664 306 quo
693 246 772 306 vite
812 248 969 308 pandere
1000 253 1078 313 fata
1118 257 1216 317 quin.

359 310 466 370 Vnde
499 305 606 365 nuhi
630 305 721 365 summ
770 308 976 368 comtale
1008 314 1065 374 ira
1107 321 1280 381 tonantis

407 372 488 432 Her
525 368 554 428 im
613 366 679 426 que
715 366 818 426 tanti
855 367 892 427 ia
936 371 1068 431 doloris
1112 378 1230 438 adest

365 439 456 499 Vnde
488 432 541 492 hec
595 428 740 488 fortana
794 428 893 488 fortis
939 433 1161 493 constantia
1199 440 1337 500 venit.

408 501 496 561 Cum
544 490 653 550 nihhil
694 487 755 547 hac
796 486 918 546 lenius
966 488 1034 548 quae
1061 492 1157 552 patet
1197 494 1286 554 orbis
1313 496 1374 556 ht.
1381 497 1395 557 5

375 560 445 620 psa
479 555 505 615 in
549 548 732 608 constens
785 547 933 607 nostros
976 548 1020 608 sie
1055 550 1169 610 ferter
1195 552 1220 612 in
1256 554 1369 614 annes

417 623 488 683 Sin
515 611 649 671 merum
711 606 827 666 firmo
871 607 1014 667 pertore
1050 611 1130 671 bella
1165 614 1290 674 gerit¬

400 686 430 746 st
461 679 514 739 vix
552 674 560 734 a
605 670 681 730 ingi
712 666 825 726 liceat
871 667 1039 727 Svirare
1069 678 1220 738 labore,

412 747 493 807 Nec
530 733 677 793 tandem
744 726 832 786 fesae
869 726 950 786 vdit
987 727 1097 787 annira
1141 731 1193 791 qes

363 800 421 860 Et
445 792 562 852 velnti
586 786 702 846 nauus
735 782 859 842 iactor
893 781 959 841 quae
992 783 1158 843 fluctibus
1183 790 1265 850 altis

413 851 528 911 sellitur,
542 840 700 900 excipiers
737 833 939 893 inuemulra
989 833 1068 893 soena
1104 837 1219 897 maris

384 905 499 965 Quam
538 894 643 954 varii
653 889 749 949 fessam
797 887 932 947 fuctus
961 889 1047 949 turc
1086 890 1115 950 in
1152 893 1316 953 repellunt

420 959 504 1019 Qug
536 949 589 1009 mo
628 940 875 1000 constendit,
890 939 975 999 num
1028 940 1129 1000 vada
1174 944 1275 1004 nigra
1305 948 1405 1008 petit.

1573 1016 1646 1076 Gen.
1661 1015 1690 1075 3.
368 1018 411 1078 An
448 1008 535 1068 deus
571 998 730 1058 hniam
796 994 882 1054 quod
925 994 1092 1054 foemina
1136 999 1310 1059 rimunis
1346 1004 1454 1064 enthor

419 1070 451 1130 In
492 1060 589 1120 sexum
644 1055 790 1115 nostrum
854 1056 991 1116 pectora
1023 1057 1111 1117 dura
1144 1054 1241 1114 perit

369 1130 477 1190 Parua
519 1119 576 1179 mei
610 1114 676 1174 fris
719 1113 834 1173 veloria
885 1114 1018 1174 finera
1067 1114 1192 1174 vidi,
1550 1139 1649 1199 Gen.
1669 1141 1702 1201 11

420 1184 472 1244 Ile
511 1175 579 1235 mit
609 1170 746 1230 primus
791 1170 882 1230 cusa
928 1172 1057 1232 doloris
1095 1172 1179 1232 erat

372 1243 476 1303 Hene
513 1235 566 1295 ego
595 1230 692 1290 nupta
737 1229 849 1289 viro,
864 1232 1073 1292 poteramque
1088 1237 1170 1297 beata
1207 1242 1326 1302 videri

429 1299 521 1359 Cum
574 1293 598 1353 ti
635 1291 643 1351 q
697 1290 819 1350 fueram
880 1291 957 1351 num
1034 1294 1126 1354 soror
1179 1299 1264 1359 vxor
1302 1301 1416 1361 eram.

368 1364 471 1424 Eoce
500 1357 581 1417 deus
617 1354 720 1414 litam
771 1353 866 1413 nobis
910 1354 1115 1414 intercipit
1151 1357 1290 1417 onnem

418 1429 521 1489 Spern
564 1418 659 1478 mihi
693 1414 770 1474 dem
822 1414 959 1474 matrib
1010 1415 1097 1475 noia
1139 1416 1242 1476 grata
1285 1415 1405 1475 negat.

354 1499 432 1559 Als
449 1489 562 1549 quoties
596 1480 718 1540 longas
753 1476 848 1536 excei
900 1476 1039 1536 Acbilis
1074 1481 1178 1541 hocas

429 1555 530 1615 Duum
575 1544 677 1604 terno
721 1538 855 1598 ventris
905 1538 1051 1598 pionora
1090 1540 1185 1600 nulla
1235 1542 1312 1602 mei

392 1620 476 1680 Itque
496 1608 612 1668 euersa
653 1601 768 1661 plorat
809 1600 872 1660 non
904 1601 998 1661 falix
1039 1602 1144 1662 messe
1175 1605 1311 1665 erlonus

430 1685 488 1745 die
529 1671 636 1731 varii
670 1662 777 1722 Acbam
836 1661 993 1721 numera
1034 1665 1175 1725 ventris
1217 1667 1282 1727 exo¬

394 1742 470 1802 Cum
503 1731 646 1791 penitore
688 1724 764 1784 ino
798 1723 958 1783 nostrum
1008 1725 1184 1785 comitata
1227 1728 1344 1788 maritu

440 1805 507 1865 Hei
536 1793 670 1853 patriae
700 1785 827 1845 linquo
872 1782 983 1842 dulia
1036 1784 1125 1844 vura
1170 1790 1281 1850 meae.

368 1864 421 1924 At
465 1855 556 1915 pater
586 1848 745 1908 imbellis
789 1844 872 1904 fatis
910 1843 1121 1903 reudelibus
1151 1848 1225 1908 vsus

433 1914 568 1974 Quidit
611 1906 746 1966 externa
796 1901 1103 1961 contrnulatus
1133 1908 1256 1968 luca

378 1976 505 2036 Quid
541 1972 576 2032 im
630 1970 703 2030 tum
765 1969 811 2029 ai
847 1969 964 2029 fucret
1000 1973 1180 2033 quantine
1216 1982 1334 2042 ddloris

424 2043 477 2103 E.
504 2040 646 2100 proprio
673 2039 725 2099 luc
753 2039 779 2099 tu
824 2040 993 2100 compere
1019 2040 1081 2100 ipse
1116 2040 1241 2100 potes.
