2000 2581
709 136 729 196 D
783 137 1006 197 AVIDI

318 196 427 256 Sient
460 195 527 255 eium
585 199 703 259 variis
737 202 795 262 eum
845 208 937 268 cerna
980 214 1164 274 latratibus
1198 218 1273 278 acta

377 265 556 325 Incertum
605 271 724 331 nescit
764 276 834 336 quo
873 280 982 340 ferat
1032 286 1131 346 vsque
1151 289 1289 349 pedem.

325 344 396 404 Sie
428 341 483 401 exo
507 341 562 401 me
602 347 800 407 unseram,
832 356 990 416 diuersis
1038 364 1141 424 angia
1173 365 1260 425 iuris

402 417 500 477 Vnde
538 417 628 477 petat
667 421 772 481 dubito
817 429 938 489 nostra
984 435 1067 495 quola
1104 437 1225 497 viam.

315 491 410 551 Hei
435 490 504 550 mea
546 491 606 551 eur
632 493 769 553 placuit
820 498 872 558 non
914 502 974 562 soli
1000 507 1119 567 forma
1163 515 1291 575 marito

399 562 493 622 Cur
533 562 651 622 volnit
697 566 820 626 vultus
868 572 962 632 alter
997 579 1131 639 amare
1166 584 1249 644 meos

326 636 419 696 Zur
455 636 576 696 vnqen
594 639 705 699 genis
742 644 864 704 incessi
900 652 1030 712 ornata
1076 659 1150 719 vel
1178 664 1262 724 auro

393 717 480 777 Cur
520 716 677 776 Arabum
735 720 892 780 comptus
941 727 1029 787 vore
1058 735 1205 795 capillus
1234 742 1313 802 erat

342 790 504 850 Purpura
553 790 609 850 eur
643 794 797 854 vnquam
854 807 1058 867 candentia
1106 818 1195 878 corpa
1236 824 1317 884 texit

377 866 503 926 Que
532 867 628 927 alijis
667 873 783 933 veque
802 878 880 938 iura
928 887 1083 947 placere
1121 894 1208 954 fuit

368 945 492 1005 Insera
533 947 637 1007 mens
668 955 917 1015 hominum,
938 965 1063 1025 studio
1136 976 1249 1036 nescia
1281 983 1373 1043 recti

381 1022 513 1082 Qux
542 1024 598 1084 sua
637 1026 703 1086 eum
750 1031 874 1091 studio
921 1040 1073 1100 damna
1129 1053 1253 1113 fouere
1290 1064 1366 1124 solet

336 1117 372 1177 de
418 1110 482 1170 hec
520 1107 612 1167 hoii
676 1109 823 1169 natura
860 1115 906 1175 vt
952 1123 1127 1183 maxima
1192 1134 1320 1194 semper

368 1184 545 1244 Damna
603 1183 721 1243 velut
773 1189 861 1249 vite
905 1198 1060 1258 comeda
1103 1207 1192 1267 suma
1237 1217 1398 1277 colant.

329 1265 379 1325 dic
420 1261 520 1321 alias
569 1258 679 1318 falii
720 1262 911 1322 ehesamres
960 1274 1131 1334 congerit
1170 1285 1260 1345 auri

371 1338 630 1398 Dinitiasque
660 1339 794 1399 vagas
823 1344 948 1404 nobile
987 1353 1131 1413 minen
1169 1367 1265 1427 I.

327 1418 644 1478 Pallidulunque
672 1418 758 1478 caua
807 1424 961 1484 numum
1027 1437 1200 1497 niratus
1239 1448 1268 1508 in
1305 1454 1392 1514 arta

877 1465 998 1525 danna
1038 1473 1155 1533 futura
382 1498 559 1558 Possidet
608 1498 658 1558 ali
677 1500 816 1560 capitis
854 1511 1121 1571 fputa
1161 1525 1229 1585 sin.

328 1579 391 1639 Sie
427 1572 527 1632 alius
563 1571 709 1631 valido
745 1580 945 1640 membrote
1000 1594 1127 1654 robore
1154 1604 1317 1664 gandens

382 1650 545 1710 Viribus
585 1651 595 1711 a
636 1653 758 1713 ppriis
800 1661 920 1721 praditus
971 1670 1063 1730 inde
1103 1679 1225 1739 perit¬

315 1729 368 1789 At
403 1726 482 1786 regit
534 1726 711 1786 alterius
755 1732 860 1792 solers
904 1742 1081 1802 sapientia
1115 1755 1291 1815 mentem,

392 1793 527 1853 Qu
583 1797 651 1857 cito
690 1804 863 1864 desertus
902 1815 997 1875 leget
1055 1823 1093 1883 ab
1132 1828 1209 1888 arte
1238 1834 1324 1894 sua.

322 1872 456 1932 Quis
487 1872 580 1932 nepet
621 1876 682 1936 hoc
724 1883 847 1943 nobis:
869 1893 1033 1953 Ressunt
1084 1908 1249 1968 exempla
1290 1919 1434 1979 probart

365 1949 502 2009 Eson
548 1951 705 2011 dinitijs
750 1963 924 2023 concidit
971 1976 1035 2036 erre
1072 1981 1163 2041 sus.

306 2027 493 2087 Infoelix
546 2031 691 2091 Canson
743 2038 857 2098 minis
899 2045 983 2105 istis
1034 2054 1200 2114 viribus
1243 2062 1326 2122 vses

354 2104 570 2164 Foeminea
636 2107 741 2167 periit
800 2111 883 2171 pda
949 2119 1106 2179 rerenta
1165 2130 1337 2190 manus.
