2000 2581
852 138 927 198 Ma
969 138 978 198 R
1028 140 1070 200 11

1129 147 1179 207 se
1204 156 1372 216 meliore
1397 156 1514 216 leno.
506 213 636 273 Nunc
665 211 802 271 liret,
823 210 881 270 hic
916 208 1068 268 mentem
1118 207 1342 267 insitumq

429 292 489 352 Sed
534 289 564 349 in
609 287 632 347 in
677 284 798 344 varia
842 281 918 341 num
979 279 1136 339 surgunt
1189 279 1318 339 mente
1355 280 1498 340 dolores

511 360 743 420 Alternant
794 356 864 416 ain
914 354 924 414 5
955 353 1055 413 pesqi
1086 352 1267 412 timerque
1286 350 1449 410 menn.

449 434 548 494 Nam
598 429 697 489 malo
740 427 961 487 suerrrunt
1017 428 1167 488 domini
1202 431 1402 491 praestantia
1451 434 1550 494 facta

515 506 674 566 Qneque
705 500 794 560 dedit
834 499 944 559 nobis
984 499 1103 559 depten
1144 502 1293 562 benigna
1334 506 1422 566 Dei.

438 580 504 640 Sej
537 576 579 636 vt
620 574 703 634 peni
745 572 969 632 Pharaonis
1019 576 1192 636 perfida
1243 580 1350 640 regua

497 644 653 704 fererit
697 643 836 703 andari
879 648 1112 708 transiliisse
1148 649 1260 709 pede.

451 720 523 780 Tun
593 717 778 777 memini
813 718 867 778 quae
884 719 911 779 ta
955 722 1034 782 dum
1096 726 1185 786 regia
1229 732 1380 792 pestora
1423 738 1547 798 tentas

499 786 696 846 ferovis,
729 786 823 846 atque
850 787 927 847 tuae
969 790 1072 850 signa
1124 797 1320 857 verenda
1363 808 1544 868 manus.

443 862 516 922 Tum
587 861 624 921 in
688 860 877 920 parpureo
922 863 1166 923 manantem
1230 874 1428 934 sanquire
1464 886 1627 946 Nilum,

505 931 623 991 bine
673 932 824 992 Vntertt
858 934 1009 994 angues
1051 940 1194 1000 videar
1252 947 1337 1007 ipsa
1387 955 1530 1015 videre
1555 964 1672 1024 mili¬

455 1004 531 1064 Tum
598 1002 665 1062 me
699 1002 851 1062 audire
901 1008 986 1068 puto
1037 1012 1079 1072 quae
1104 1016 1172 1076 iam
1240 1023 1307 1083 per
1341 1029 1442 1089 regia
1484 1035 1585 1095 testa

500 1073 594 1133 Nec
621 1073 724 1133 solito
761 1073 797 1133 in
845 1077 956 1137 turpi
1002 1083 1123 1143 rana
1170 1094 1385 1154 Strevebat
1431 1104 1579 1164 aqua.

1154 1132 1245 1192 lorus
1275 1135 1372 1195 tnqe
1402 1138 1516 1198 rufer
467 1147 559 1207 sine
598 1143 636 1203 im
698 1144 922 1204 suimerunt
969 1153 1108 1213 mussae
1154 1175 1548 1235 vividesluctie

494 1215 545 1275 Et
587 1211 665 1271 quae
707 1212 886 1272 contesto
947 1223 1031 1283 sole
1075 1235 1237 1295 tenebra
1288 1244 1374 1304 fuit

459 1294 630 1354 dingula
679 1291 769 1351 quid
830 1295 1000 1355 referam
1080 1306 1180 1366 tumc
1210 1319 1420 1379 fulgura,
1440 1336 1660 1396 falmina,
1680 1348 1850 1408 mortes,

508 1362 826 1422 Grandineosque
856 1367 956 1427 sones
1008 1378 1160 1438 mente
1206 1392 1366 1452 reuoluo
1412 1404 1533 1464 mea¬

444 1443 529 1503 Tum
587 1439 644 1499 quie
663 1440 892 1500 sabuoniant
959 1445 969 1505 q
1016 1449 1083 1509 vix
1121 1456 1189 1516 qui
1226 1466 1407 1526 vidorit
1446 1475 1522 1535 ipse

494 1516 729 1576 Credat,
744 1517 854 1577 apud
901 1523 1034 1583 gentes
1073 1529 1151 1589 non
1199 1537 1324 1597 htura
1370 1548 1527 1608 fidem.

447 1598 620 1658 Nempe
658 1596 707 1656 vt
765 1597 967 1657 veliferum
1025 1608 1199 1668 validis
1228 1624 1498 1684 Spivantibus
1547 1644 1652 1704 Turis

510 1671 665 1731 Caepit
698 1669 720 1729 a
764 1669 874 1729 tevea
941 1679 1107 1739 surgere
1150 1688 1206 1748 ad
1251 1697 1372 1757 astra
1417 1707 1559 1767 mare.

456 1751 509 1811 de
552 1746 614 1806 nos
668 1744 912 1804 intrepidae
954 1755 1155 1815 quendam
1219 1767 1304 1827 loca
1346 1776 1431 1836 nota
1463 1784 1621 1844 rarinis

517 1821 782 1881 Transimus
840 1823 919 1883 siro
977 1829 1037 1889 per
1085 1838 1203 1898 vada
1242 1846 1341 1906 salsa
1381 1851 1488 1911 pedo.

430 1901 521 1961 Pet
551 1898 622 1958 dum
682 1899 753 1959 nos
783 1902 935 1962 stullae
986 1911 1147 1971 Pharao
1188 1922 1358 1982 Xtipine
1390 1931 1540 1991 mentis

481 1972 725 2032 Insequitur
782 1974 957 2034 pelagus
1014 1983 1095 2043 sub
1118 1987 1187 2047 sua
1234 1995 1350 2055 regua
1396 2000 1546 2060 redit.

453 2111 637 2171 Principe
680 2111 746 2171 cum
810 2113 908 2173 feno
952 2118 1146 2178 rendelis
1201 2125 1397 2185 mergiter
1418 2128 1548 2188 lostis
