2000 2581
505 180 561 240 At
592 177 623 237 si
654 175 803 235 tantus
847 173 977 233 amor
1033 173 1237 233 fraterne
1288 174 1480 234 crimine
1523 175 1691 235 deptras

511 244 710 304 Inficere,
724 241 757 301 et
803 240 904 300 durx
951 240 1230 300 permanum
1297 243 1424 303 teade
1463 247 1590 307 morti

506 319 658 379 Deptor
692 313 759 373 hoc
794 309 920 369 vnum
1005 308 1073 368 (si
1107 308 1208 368 quid
1260 311 1369 371 meque
1404 315 1582 375 flectere
1607 320 1776 380 possunt

528 386 676 446 Verba)
697 379 747 439 vt
775 376 853 436 non
902 372 1008 432 pprio
1051 372 1220 432 infaelix
1255 373 1326 433 hic
1361 377 1559 437 concidat
1595 382 1694 442 ense¬

523 457 643 517 sitque
658 450 747 510 satis
785 443 972 503 inserum
1038 438 1143 498 fatis
1180 438 1404 498 ommbere
1442 441 1636 501 accebis.

513 525 604 585 Est
641 518 842 578 risterna
897 511 1053 571 procul
1090 508 1263 568 vividis
1300 507 1355 567 sub
1392 509 1575 569 tegurine
1612 515 1721 575 splux

513 591 778 651 Horvida,
808 585 884 645 qua
929 581 1087 641 latires
1133 578 1299 638 obstura
1345 580 1458 640 haud
1495 587 1631 647 quotiret
1669 599 1760 659 vllos

525 663 563 723 In
609 658 716 718 quam
793 652 870 712 vos
916 648 1046 708 iubeo
1085 647 1253 707 captum
1323 653 1568 713 demittere
1599 668 1737 728 fratre

529 730 582 790 et
627 723 799 783 sernare
854 717 1038 777 manus
1092 716 1309 776 fraterno
1342 722 1569 782 sanquire
1612 739 1818 799 mundas

445 807 568 867 Hac
601 797 676 857 tum
741 785 997 845 germanus
1054 783 1269 843 fraterno
1310 788 1516 848 protulit
1558 794 1623 854 ore

521 868 727 928 Luben,
744 861 830 921 dum
890 857 1002 917 saeuae
1044 855 1207 915 fratrem
1268 857 1508 917 subducere
1542 867 1670 927 morti

546 943 673 1003 Nitite
717 936 745 996 et
802 930 951 990 imnsero
994 927 1165 987 puerum
1236 929 1407 989 seruare
1442 935 1627 995 parenti

532 1020 580 1080 Et
619 1010 745 1070 potuit
783 1000 968 1060 tantum
1036 999 1172 1059 doctae
1221 1004 1453 1064 facundia
1502 1012 1697 1072 lirguae,

544 1082 769 1142 Plesteret
815 1073 867 1133 vt
905 1071 1018 1131 foelix
1071 1072 1304 1132 proppentia
1349 1079 1523 1139 pectora
1567 1087 1689 1147 tem¬

468 1167 634 1227 Interea
676 1152 801 1212 celeri
842 1144 1019 1204 fratres
1072 1143 1124 1203 ad
1165 1145 1311 1205 venit
1354 1150 1467 1210 Poseph

538 1230 735 1290 Cressa,
762 1224 831 1284 nec
865 1218 1038 1278 simplex
1072 1216 1184 1276 anim
1271 1219 1513 1279 conamina
1564 1233 1702 1293 sensit

566 1298 807 1358 sacidum,
838 1289 986 1349 propat
1037 1284 1237 1344 veniens
1300 1285 1479 1345 dicitque
1499 1295 1698 1355 salatem.

544 1378 635 1438 Ast
662 1371 716 1431 hii
744 1363 915 1423 rendeli
952 1357 1179 1417 surgentes
1224 1357 1487 1417 nuximure
1532 1364 1660 1424 frem¬

557 1437 809 1497 Corripiunt
877 1426 1042 1486 rividis
1091 1423 1285 1483 feriunt
1324 1426 1392 1486 sud
1431 1433 1595 1493 pectora
1635 1447 1789 1507 patuis

562 1499 856 1559 Ingemimant
910 1488 1110 1548 plagas,
1123 1489 1298 1549 sumum
1337 1494 1431 1554 feri
1484 1505 1646 1565 athera
1672 1518 1766 1578 dam

547 1572 701 1632 Mosque
718 1563 907 1623 trahunt
950 1559 1113 1619 variam
1182 1561 1336 1621 tenero
1379 1565 1430 1625 de
1465 1573 1628 1633 corpore
1654 1586 1791 1646 vestem

536 1649 602 1709 Et
643 1643 784 1703 molles
825 1638 941 1698 lento
982 1634 1313 1694 constringunt
1371 1637 1553 1697 vimine
1586 1649 1759 1709 valmas

551 1723 626 1783 Ast
660 1717 720 1777 hic
762 1712 821 1772 reu
863 1706 1016 1766 inuenis
1058 1703 1185 1763 lange
1227 1703 1303 1763 qui
1337 1706 1481 1766 matre
1514 1715 1658 1775 relicta

553 1780 768 1840 Himmulus
818 1777 848 1837 in
891 1775 1013 1835 spluis
1056 1773 1179 1833 exrax
1236 1773 1294 1833 vel
1337 1777 1566 1837 montibus
1610 1787 1703 1847 altis

558 1853 596 1913 In
635 1850 796 1910 statuta
850 1846 942 1906 alta
980 1843 1065 1903 fere
1118 1842 1210 1902 seuae
1242 1842 1325 1902 dum
1395 1844 1549 1904 nescius
1587 1850 1725 1910 intrat

559 1923 780 1983 Corripite
834 1913 1055 1973 tregidans
1100 1908 1139 1968 et
1184 1908 1367 1968 adunris
1421 1911 1627 1971 vngulbus
1657 1920 1763 1980 heret

558 1990 773 2050 Multaque
816 1985 877 2045 sus
902 1982 1066 2042 pirans
1118 1979 1273 2039 animo
1325 1979 1385 2039 fit
1429 1979 1515 2039 pada
1558 1984 1723 2044 feratur

515 2067 578 2127 Sic
619 2060 738 2120 etiam
795 2054 843 2114 ad
890 2050 955 2110 fem
1011 2048 1146 2108 coetum
1202 2048 1290 2108 dum
1354 2050 1466 2110 venit
1514 2053 1634 2113 Posepli

564 2128 715 2188 Inseins
756 2123 860 2183 hand
915 2119 1091 2179 frandes
1139 2119 1346 2179 metuens
1394 2123 1466 2183 aut
1505 2128 1634 2188 corda
1673 2139 1809 2199 dolosque
