2000 2581
442 108 880 133 Isacides fratres genuit quos divus Iacob

462 202 1107 105 Pastores pecoris fuerant, gens dura laboris.,

469 256 1101 116 Non tamen hi vetuli faciunt sacra iussa parentis,

476 337 1210 113 Sed sceleri scelus accumulant et crimina iungunt.

471 407 1161 111 Nam Simeon dirus, crudeli et pectore Levi

481 488 1089 93 Non bene sunt ulti violatae stupra sororis.

473 552 1197 121 Haud licitos intrat thalamos, lectumque paternum

495 625 1147 124 Conscendit Ruben senior, cunctique repugnant

482 698 1041 115 Divinis monitis, iŭnior sed solus Ioseph

482 771 1039 114 Pręceptis hęret patriis et iussa capescit,

473 828 1344 135 Quem genitor cunctis redamat prae fratribus unum,

482 901 1209 111 Affectus patrios monstrans vestemque decoram

493 971 1153 112 Tradidit, ut cunctos lęto superaret honore.

478 1040 1215 122 Sępius ad patrias dĭligens hic pertulit aures

482 1114 1232 127 Infames animos, et saevûm crimina fratrum

483 1187 1144 122 Prodidit exosus generoso pectore iniquos.

488 1250 1215 129 Non tenuere truces animos irasque nefandas,

489 1314 1168 126 Invida fraterno surgit sub pectore flamma.

430 1368 1129 146 Utque leves surgunt flammae celeresque favillae

495 1462 1307 133 Quas arido in ligno nutrit cum fomite ventus,

479 1528 1090 126 Principio exiguus ignis, non ulla pericla

482 1595 1281 130 Adsunt, non miseri trepidant metuuntve coloni,

479 1660 1395 144 At spatio longo valido cum robore ventus

474 1720 1285 167 Exoritur vęhemens furibundo flamine spirans

475 1803 1123 123 Emicat et lato serpit cum tramite flamma,

478 1858 1172 144 Iamque ardent frutices, viridantis robora sylvae,

484 1937 1046 130 In segetesque ruit volitans lateque per agros

471 1984 1215 165 Discurrens rabidus sęvit modo et aestuat ignis,

484 2074 1212 157 Ullaque non dantur miserûm impedimenta malorum
