2000 2581
488 147 875 122 IONAS PROPHE:

577 252 776 72 TA ELEGIACO CAR:

624 315 714 128 mine redditus per Rod. Gualth.

400 396 1037 151 Clara fuit quondam, NINEVEN dixere vetusti,

403 496 1279 155 Urbs fama, gestis divitiisque potens. 〈 Descriptio Nineves 〉

310 584 1021 111 Hanc nimium longo cingebant tramite muri

388 652 886 104 Qui primis stabant sydera ad alta suis.

325 707 1037 126 Quos quicunque tribus poterat circumire diebus,

406 793 841 114 Velocis poterat nomen habere simul.

315 859 1012 117 Mille et quingentae stabant ex ordine turres,

379 945 688 116 Assyriae clarum nobilitatis opus.

314 1011 1032 121 Extructae Pario surgebant marmore Divum.

388 1085 968 120 Aedes, magnorum et tecta superba Ducum.

276 1159 1415 134 Undique de vivo manabant gurgite fontes, 〈 gurgite 〉

396 1239 851 121 Undique piscosis nobile flumen aquis.

360 1320 861 98 Nulli divitiis, nulli cedebat honore

377 1395 879 110 Exuperans omnes laude superba locos.

350 1477 1112 125 Vicerat hęc varias variasque subegerat urbeism,

383 1555 908 114 Et multas armis accumularat opes.

321 1625 1134 133 Undique splendebat veterum laude atque triumphis,

379 1712 989 114 Et multis stabant clara tropaea locis.

307 1787 1494 230 Sed quantum fastu, quantum pollebat honore, 〈 Ninevitarum peccata 〉

406 1868 936 110 Tantum erat iniustis obruta criminibus.

334 1938 1096 134 Numinis non illic, non iusti cura vigebat

391 2017 1074 123 Non virtutis amor, non honŏs ullus erat.
