2000 2581
690 139 281 84 DAVIDI.

366 170 971 117 Nescibam languens, unde veniret onus. Lanenens vnde veniret einis.

280 254 1159 98 Et nova iam primae curvantis cornua lunae

376 322 979 125 Et semel a fratris lumine tecta fuit.

309 370 1006 142 Iamque novum crescit concepta pondus in alvo,

379 451 1043 149 Hei mihi, nunc video crimen onusque meum.

309 531 837 124 Scilicet incluso consurgit semine corpus,

377 615 904 115 Quo nato possim dicier esse parens.

307 665 1302 134 Quid gaudes de me? quaenam hęc victoria tanta est?

377 746 869 125 Succubui forti foemina parva viro.

320 814 1142 131 Nunc aderit coniux, conceptaque crimina cernet.

377 898 997 120 Quis vetat illius ne misera ense cadam?

297 964 1175 133 Hoc quoque tu metuens, quamvis sacra sceptra gubernes,

361 1036 1107 149 Consilio nescis quo tua facta tegas.

301 1109 1057 126 Accersitus adest coniux et castra relinquit,

383 1191 1003 125 Ut patris alterius nomina falsa ferat.

314 1248 1127 131 Hunc sensisse dolum credo vel numine motum

374 1342 934 114 Non voluisse suae limen adire domus.

313 1392 1199 156 Quid tamen hoc prodest? alienis concidit armis

370 1496 1164 148 Prodidit hunc miserum civis, ab hoste perit.

334 1571 1152 148 Ipsa domo vidua sedeo sua funera lugens,

383 1643 934 131 Altera et amisso cura pudore venit.

300 1716 1306 165 Quid faciam infoelix? quae nunc mihi commoda sperem?

385 1804 957 106 Quę veniet morbo tanta medela meo?

332 1857 1223 164 In lachrymis lucem, lachrymis tero tempora noctis,

369 1956 938 133 Et patet in gemitus undique causa meos.

306 2027 1313 138 Quę tamen hinc noctis mihi spes sub imagine venit.

375 2105 1054 127 Au precor hanc falsam ne velit esse Deus.
