2000 2581
351 130 1225 131 Fraterno cupidi maculent ut sanguine dextras.

371 217 1151 106 Una tamen cunctis placuit sententia, frater

372 280 1156 125 Ut pereat iuvenis misere vitamque relinquat.

364 357 1069 100 Hos inter senior longisque peritior annis

367 418 1014 104 Commotos cernit Ruben et talibus infit.

283 482 1198 110 Hei dolor, o fratres, quae vos dementia vexat

358 562 1165 98 Horrida fraternę meditantes crimina cędis?

369 627 1140 99 In vos quid frater potuit committere tantum,

374 688 1214 120 Ut vestris manibus germanus concidat insons?

375 756 1176 104 Pectora num tantum puerilia somnia terrent

370 828 1148 113 Innocui ut iuvenis queratis perdere vitam?

376 902 1267 115 Quarĕ movent tantum coecae spectacula noctis?

379 963 1295 145 Quę ( multi ut perhibent ) solum mendatia signant,

368 1029 1007 111 Et nunquam vere designavere futura.

379 1091 1351 137 Quod si ( alii ut perhibent ) non sunt insomnia vana,

367 1159 1178 131 Sed rerum eventus varios et fata futura

366 1236 1165 145 Pręscia designant, quę vos stultissima cogit

371 1314 1092 106 Impietas, fatis divûmque resistere menti

368 1377 1223 129 Impellens, coeco rapiens mala corda furore?

369 1435 1244 143 Si deus hunc statuit leges et sceptra tenere,

366 1508 1160 127 Non erit in nobis aeterna repellere fata.

294 1572 1256 128 „ Nam quęcunque deus summus vult esse futura

307 1650 1276 129 „ Impedit haud omnis coniuncta pecunia mundi.

376 1714 1351 151 Quidve patrem referam vetulum, qui pectore toto

374 1771 1230 152 Hunc amat afflictae dantem solatia menti?

371 1849 1210 123 Qui simul ut charum natum periisse videbit

374 1915 1353 153 Cum moerore gravi tristem descendet at Orcum.

363 1964 1269 173 Non igitur ( fratres ) moveat vos tanta Cupido

366 2044 1272 160 Occidere ut fratrem miserum, tum fratre perempto

380 2115 1216 153 Cernere proh miseri cupiatis fata paterna.
