2000 2581
491 138 1228 118 At si tantus amor fraterno crimine dextras

508 227 1093 100 Inficere, et durę germanum tradere morti

491 290 1319 113 Deprecor hoc unum ( si quid mea flectere possunt  )

517 360 1175 100 Verba ) ut non proprio infoelix hic concidat ense,

519 416 1123 127 Sitque satis miserum fatis occumbere acerbis.

505 489 1226 109 Est cisterna procul viridis sub tegmine sylvę

509 560 1287 107 Horrida, quę latices obscura haud continet ullos,

520 634 1254 121 In quam vos iubeo captum demittere fratrem,

518 699 1324 120 Et servare manus fraterno sanguine mundas.

439 754 1200 118 Haec tum germanus fraterno protulit ore

515 834 1164 117 Ruben, dum saevae fratrem subducere morti

528 913 1126 113 Nititur et misero puerum servare parenti.

523 973 1164 133 Et potuit tantum doctae facundia linguae,

532 1050 1147 111 Flecteret ut foelix horrentia pectora fratrum.

470 1114 1020 147 Interea celeri fratres ad venit Ioseph

531 1187 1188 132 Gressu, nec simplex animi conamina sensit

556 1263 1144 126 Isacidum, properat veniens dicitque salutem.

537 1338 1113 118 Ast hi crudeli surgentes murmure fratrem

548 1401 1262 130 Corripiunt, rigidis feriunt sua pectora palmis,

546 1466 1305 130 Ingeminant plagas, summum ferit aethera clamor.

549 1544 1285 122 Moxque trahunt variam tenero de corpore vestem,

530 1609 1262 116 Et molles lento constringunt vimine palmas.

536 1691 1147 110 Ast hic ceu iuvenis longe qui matre relicta

542 1746 1174 113 Hinnulus, in sylvis errans vel montibus altis

538 1817 1201 112 In stabula alta ferę sęvae dum nescius intrat

547 1885 1223 119 Corripitur trepidans et aduncis unguibus hęret

551 1957 1162 123 Multaque suspirans animo fit praeda ferarum

510 2025 1123 121 Sic etiam ad fratrum coetum dum venit Ioseph

559 2104 1249 123 Inscius haud fraudes metuens aut corda dolosa
