<?xml version="1.0" encoding="UTF-8"?>
<alto xmlns:xsi="http://www.w3.org/2001/XMLSchema-instance"
      xmlns="http://www.loc.gov/standards/alto/ns-v4#"
      xmlns:page="http://schema.primaresearch.org/PAGE/gts/pagecontent/2013-07-15"
      xsi:schemaLocation="http://www.loc.gov/standards/alto/ns-v4# https://www.loc.gov/standards/alto/v4/alto.xsd">
   <Description>
      <MeasurementUnit>pixel</MeasurementUnit>
      <OCRProcessing ID="IdOcr">
         <ocrProcessingStep>
            <processingDateTime>2021-05-22T12:10:49.948+02:00</processingDateTime>
            <processingSoftware>
               <softwareCreator>READ COOP</softwareCreator>
               <softwareName>Transkribus</softwareName>
            </processingSoftware>
         </ocrProcessingStep>
      </OCRProcessing>
   </Description>
   <Layout>
      <Page ID="Page1" PHYSICAL_IMG_NR="1" HEIGHT="2581" WIDTH="2000">
         <TopMargin HEIGHT="0" WIDTH="2000" VPOS="0" HPOS="0"/>
         <LeftMargin HEIGHT="2581" WIDTH="0" VPOS="0" HPOS="0"/>
         <RightMargin HEIGHT="2581" WIDTH="0" VPOS="0" HPOS="2000"/>
         <BottomMargin HEIGHT="0" WIDTH="2000" VPOS="2581" HPOS="0"/>
         <PrintSpace HEIGHT="2581" WIDTH="2000" VPOS="0" HPOS="0">
            <TextBlock ID="r1" HEIGHT="2103" WIDTH="1436" VPOS="100" HPOS="369">
               <Shape>
                  <Polygon POINTS="369,100 369,2203 1805,2203 1805,100"/>
               </Shape>
               <TextLine ID="r1l2"
                         BASELINE="866,172 892,173 919,174 945,174 972,174 998,173 1025,172 1051,172 1078,171 1104,170 1131,169 1157,169 1184,169 1211,169"
                         HEIGHT="91"
                         WIDTH="363"
                         VPOS="117"
                         HPOS="857">
                  <String ID="string_r1l2"
                          HEIGHT="91"
                          WIDTH="363"
                          VPOS="117"
                          HPOS="857"
                          CONTENT="MICHOL"/>
               </TextLine>
               <TextLine ID="r1l3"
                         BASELINE="485,244 542,240 599,238 656,236 713,234 770,233 827,232 884,232 941,232 998,232 1056,232 1113,233 1170,234 1227,234 1284,234 1341,235 1398,235 1455,234 1512,234 1569,232 1627,231"
                         HEIGHT="125"
                         WIDTH="1158"
                         VPOS="172"
                         HPOS="477">
                  <String ID="string_r1l3"
                          HEIGHT="125"
                          WIDTH="1158"
                          VPOS="172"
                          HPOS="477"
                          CONTENT="Quam me non tentet frangere quisquis amat."/>
               </TextLine>
               <TextLine ID="r1l4"
                         BASELINE="408,327 470,323 533,321 595,318 658,316 721,315 783,313 846,313 909,312 971,311 1034,311 1097,311 1159,311 1222,311 1285,311 1347,311 1410,310 1473,310 1535,309 1598,309 1661,307"
                         HEIGHT="141"
                         WIDTH="1270"
                         VPOS="230"
                         HPOS="399">
                  <String ID="string_r1l4"
                          HEIGHT="141"
                          WIDTH="1270"
                          VPOS="230"
                          HPOS="399"
                          CONTENT="Ipsa iacens terra gemitus lachrymasque profundo,"/>
               </TextLine>
               <TextLine ID="r1l5"
                         BASELINE="469,402 514,399 559,395 604,393 649,391 694,389 739,387 784,386 829,385 874,385 920,385 965,384 1010,384 1055,384 1100,384 1145,384 1190,384 1235,384 1280,383 1325,382 1371,381"
                         HEIGHT="123"
                         WIDTH="919"
                         VPOS="324"
                         HPOS="461">
                  <String ID="string_r1l5"
                          HEIGHT="123"
                          WIDTH="919"
                          VPOS="324"
                          HPOS="461"
                          CONTENT="Deque oculis humet regia tota meis."/>
               </TextLine>
               <TextLine ID="r1l6"
                         BASELINE="449,479 504,473 559,468 614,465 669,462 724,460 779,459 834,458 889,458 944,459 1000,459 1055,461 1110,462 1165,463 1220,464 1275,465 1330,466 1385,467 1440,467 1495,466 1551,465"
                         HEIGHT="119"
                         WIDTH="1120"
                         VPOS="392"
                         HPOS="440">
                  <String ID="string_r1l6"
                          HEIGHT="119"
                          WIDTH="1120"
                          VPOS="392"
                          HPOS="440"
                          CONTENT="Ionathan accedit qui me tellure iacentem"/>
               </TextLine>
               <TextLine ID="r1l7"
                         BASELINE="497,550 547,545 597,542 648,538 698,536 748,534 799,533 849,533 899,533 950,533 1000,534 1050,535 1101,536 1151,537 1201,538 1252,540 1302,541 1352,543 1403,544 1453,545 1504,546"
                         HEIGHT="133"
                         WIDTH="1023"
                         VPOS="458"
                         HPOS="489">
                  <String ID="string_r1l7"
                          HEIGHT="133"
                          WIDTH="1023"
                          VPOS="458"
                          HPOS="489"
                          CONTENT="Tollit et afflictam fratris amore fovet."/>
               </TextLine>
               <TextLine ID="r1l8"
                         BASELINE="406,630 455,625 504,621 553,618 602,615 651,612 700,610 749,609 798,608 847,608 896,608 945,608 994,609 1043,610 1092,611 1141,613 1190,614 1239,616 1288,618 1337,620 1387,622"
                         HEIGHT="130"
                         WIDTH="998"
                         VPOS="538"
                         HPOS="397">
                  <String ID="string_r1l8"
                          HEIGHT="130"
                          WIDTH="998"
                          VPOS="538"
                          HPOS="397"
                          CONTENT="Solatur miseram verbis mulcentibus ille,"/>
               </TextLine>
               <TextLine ID="r1l9"
                         BASELINE="482,695 529,693 576,692 623,690 670,689 717,688 764,687 811,686 858,686 905,686 953,686 1000,685 1047,686 1094,686 1141,686 1188,686 1235,687 1282,687 1329,688 1376,688 1424,689"
                         HEIGHT="113"
                         WIDTH="958"
                         VPOS="635"
                         HPOS="474">
                  <String ID="string_r1l9"
                          HEIGHT="113"
                          WIDTH="958"
                          VPOS="635"
                          HPOS="474"
                          CONTENT="Pollicitisque meos temperat usque metus."/>
               </TextLine>
               <TextLine ID="r1l10"
                         BASELINE="409,784 467,779 525,775 583,772 642,769 700,767 758,765 817,764 875,763 933,763 992,763 1050,763 1108,764 1166,765 1225,766 1283,767 1341,769 1400,770 1458,772 1516,774 1575,776"
                         HEIGHT="133"
                         WIDTH="1183"
                         VPOS="691"
                         HPOS="400">
                  <String ID="string_r1l10"
                          HEIGHT="133"
                          WIDTH="1183"
                          VPOS="691"
                          HPOS="400"
                          CONTENT="Chara soror forti quondam coniuncta marito"/>
               </TextLine>
               <TextLine ID="r1l11"
                         BASELINE="480,846 529,845 579,844 629,843 679,842 729,842 779,841 829,841 879,841 929,841 979,841 1028,842 1078,842 1128,843 1178,843 1228,844 1278,845 1328,845 1378,846 1428,847 1478,848"
                         HEIGHT="118"
                         WIDTH="1015"
                         VPOS="771"
                         HPOS="472">
                  <String ID="string_r1l11"
                          HEIGHT="118"
                          WIDTH="1015"
                          VPOS="771"
                          HPOS="472"
                          CONTENT="Qui nostrę pars est maxima amicitiae."/>
               </TextLine>
               <TextLine ID="r1l12"
                         BASELINE="415,930 481,926 547,923 613,921 680,919 746,917 812,917 879,916 945,916 1011,917 1078,918 1144,919 1210,921 1276,923 1343,925 1409,927 1475,930 1542,933 1608,936 1674,939 1741,942"
                         HEIGHT="142"
                         WIDTH="1345"
                         VPOS="841"
                         HPOS="406">
                  <String ID="string_r1l12"
                          HEIGHT="142"
                          WIDTH="1345"
                          VPOS="841"
                          HPOS="406"
                          CONTENT="Quid facies? pater est. quicquid iubet ille ferendum est."/>
               </TextLine>
               <TextLine ID="r1l13"
                         BASELINE="489,1001 536,999 583,997 630,996 677,995 724,994 771,993 818,993 865,993 912,993 959,993 1006,994 1053,995 1100,996 1147,997 1194,998 1241,999 1288,1001 1335,1002 1382,1004 1430,1006"
                         HEIGHT="123"
                         WIDTH="957"
                         VPOS="936"
                         HPOS="481">
                  <String ID="string_r1l13"
                          HEIGHT="123"
                          WIDTH="957"
                          VPOS="936"
                          HPOS="481"
                          CONTENT="Non potes illius vincere iussa prece."/>
               </TextLine>
               <TextLine ID="r1l14"
                         BASELINE="405,1077 465,1073 526,1071 586,1068 647,1067 707,1066 768,1066 828,1066 889,1067 949,1068 1010,1070 1070,1072 1131,1074 1191,1077 1252,1080 1312,1083 1373,1087 1433,1090 1494,1093 1554,1097 1615,1101"
                         HEIGHT="159"
                         WIDTH="1227"
                         VPOS="1003"
                         HPOS="397">
                  <String ID="string_r1l14"
                          HEIGHT="159"
                          WIDTH="1227"
                          VPOS="1003"
                          HPOS="397"
                          CONTENT="Ferreus est ( nescis? ) nec nos nec sacra veretur"/>
               </TextLine>
               <TextLine ID="r1l15"
                         BASELINE="487,1148 532,1146 578,1145 623,1143 669,1142 715,1142 760,1142 806,1142 851,1142 897,1143 943,1143 988,1145 1034,1146 1079,1147 1125,1149 1171,1151 1216,1154 1262,1156 1307,1159 1353,1161 1399,1164"
                         HEIGHT="122"
                         WIDTH="930"
                         VPOS="1081"
                         HPOS="478">
                  <String ID="string_r1l15"
                          HEIGHT="122"
                          WIDTH="930"
                          VPOS="1081"
                          HPOS="478"
                          CONTENT="Invidię faciat dum satis ille suae."/>
               </TextLine>
               <TextLine ID="r1l16"
                         BASELINE="431,1234 490,1229 549,1226 608,1223 667,1221 726,1220 785,1219 844,1219 903,1219 962,1220 1022,1221 1081,1223 1140,1225 1199,1227 1258,1229 1317,1232 1376,1236 1435,1239 1494,1242 1553,1246 1613,1250"
                         HEIGHT="140"
                         WIDTH="1201"
                         VPOS="1155"
                         HPOS="422">
                  <String ID="string_r1l16"
                          HEIGHT="140"
                          WIDTH="1201"
                          VPOS="1155"
                          HPOS="422"
                          CONTENT="Non dubita, veniet tempus cum regia coniux"/>
               </TextLine>
               <TextLine ID="r1l17"
                         BASELINE="491,1304 536,1302 581,1301 626,1300 671,1299 716,1298 761,1298 807,1297 852,1298 897,1298 942,1299 987,1299 1032,1300 1077,1301 1123,1303 1168,1304 1213,1306 1258,1308 1303,1309 1348,1312 1394,1314"
                         HEIGHT="137"
                         WIDTH="920"
                         VPOS="1227"
                         HPOS="483">
                  <String ID="string_r1l17"
                          HEIGHT="137"
                          WIDTH="920"
                          VPOS="1227"
                          HPOS="483"
                          CONTENT="Intrabis primi tecta superba viri."/>
               </TextLine>
               <TextLine ID="r1l18"
                         BASELINE="427,1382 484,1380 542,1378 600,1377 658,1376 716,1376 774,1376 831,1376 889,1377 947,1378 1005,1380 1063,1381 1121,1383 1178,1385 1236,1387 1294,1390 1352,1392 1410,1395 1468,1398 1526,1401"
                         HEIGHT="115"
                         WIDTH="1116"
                         VPOS="1320"
                         HPOS="418">
                  <String ID="string_r1l18"
                          HEIGHT="115"
                          WIDTH="1116"
                          VPOS="1320"
                          HPOS="418"
                          CONTENT="Non etenim fallet dominus qui clara parentis"/>
               </TextLine>
               <TextLine ID="r1l19"
                         BASELINE="460,1457 506,1455 553,1453 599,1451 646,1451 693,1450 739,1450 786,1450 832,1451 879,1452 926,1453 972,1455 1019,1457 1065,1459 1112,1461 1159,1463 1205,1466 1252,1468 1298,1471 1345,1474 1392,1477"
                         HEIGHT="127"
                         WIDTH="950"
                         VPOS="1385"
                         HPOS="451">
                  <String ID="string_r1l19"
                          HEIGHT="127"
                          WIDTH="950"
                          VPOS="1385"
                          HPOS="451"
                          CONTENT="Forti Iessęo sceptra ferenda dedit."/>
               </TextLine>
               <TextLine ID="r1l20"
                         BASELINE="401,1534 456,1532 511,1530 566,1529 621,1528 677,1527 732,1527 787,1528 842,1528 897,1529 953,1531 1008,1533 1063,1535 1118,1537 1173,1540 1229,1543 1284,1548 1339,1551 1394,1556 1449,1560 1505,1565"
                         HEIGHT="132"
                         WIDTH="1124"
                         VPOS="1466"
                         HPOS="391">
                  <String ID="string_r1l20"
                          HEIGHT="132"
                          WIDTH="1124"
                          VPOS="1466"
                          HPOS="391"
                          CONTENT="Quem bene si novi nec me sententia fallit,"/>
               </TextLine>
               <TextLine ID="line_1615482387482_5019"
                         BASELINE="467,1612 518,1608 570,1605 621,1603 673,1602 724,1602 776,1603 827,1605 879,1607 930,1610 982,1612 1034,1616 1085,1619 1137,1623 1188,1626 1240,1629 1291,1633 1343,1636 1394,1638 1446,1640 1498,1641 1543,1642 1569,1641 1595,1642 1621,1644 1647,1646 1674,1649 1700,1652 1726,1655 1752,1657 1778,1658 1805,1658"
                         HEIGHT="152"
                         WIDTH="1358"
                         VPOS="1547"
                         HPOS="458">
                  <String ID="string_line_1615482387482_5019"
                          HEIGHT="152"
                          WIDTH="1358"
                          VPOS="1547"
                          HPOS="458"
                          CONTENT="Non eris alterius sponsa futura diu."/>
               </TextLine>
               <TextLine ID="r1l23"
                         BASELINE="421,1702 486,1694 551,1689 616,1685 681,1683 747,1682 812,1683 877,1685 942,1687 1007,1691 1073,1696 1138,1700 1203,1705 1268,1711 1333,1716 1399,1721 1464,1726 1529,1731 1594,1734 1660,1737"
                         HEIGHT="161"
                         WIDTH="1257"
                         VPOS="1626"
                         HPOS="412">
                  <String ID="string_r1l23"
                          HEIGHT="161"
                          WIDTH="1257"
                          VPOS="1626"
                          HPOS="412"
                          CONTENT="Nunc, quod fata volunt, duro concedito patri"/>
               </TextLine>
               <TextLine ID="r1l24"
                         BASELINE="457,1770 513,1766 569,1762 626,1760 682,1759 739,1759 795,1759 852,1761 908,1763 965,1766 1021,1769 1077,1772 1134,1776 1190,1781 1247,1786 1303,1791 1360,1796 1416,1801 1473,1806 1529,1810 1586,1815"
                         HEIGHT="141"
                         WIDTH="1147"
                         VPOS="1703"
                         HPOS="448">
                  <String ID="string_r1l24"
                          HEIGHT="141"
                          WIDTH="1147"
                          VPOS="1703"
                          HPOS="448"
                          CONTENT="Foemineae poterunt nil valuisse manus."/>
               </TextLine>
               <TextLine ID="r1l25"
                         BASELINE="424,1854 473,1849 523,1845 573,1842 623,1840 672,1839 722,1838 772,1838 822,1839 871,1840 921,1841 971,1844 1021,1846 1070,1849 1120,1851 1170,1855 1220,1858 1269,1862 1319,1865 1369,1867 1419,1871"
                         HEIGHT="147"
                         WIDTH="1013"
                         VPOS="1765"
                         HPOS="416">
                  <String ID="string_r1l25"
                          HEIGHT="147"
                          WIDTH="1013"
                          VPOS="1765"
                          HPOS="416"
                          CONTENT="Talibus afflictam frater solatur et orat"/>
               </TextLine>
               <TextLine ID="r1l26"
                         BASELINE="498,1918 546,1916 594,1915 642,1914 690,1914 738,1915 786,1916 835,1917 883,1919 931,1921 979,1924 1027,1926 1075,1929 1123,1932 1172,1935 1220,1938 1268,1941 1316,1944 1364,1947 1412,1949 1461,1952"
                         HEIGHT="144"
                         WIDTH="981"
                         VPOS="1847"
                         HPOS="490">
                  <String ID="string_r1l26"
                          HEIGHT="144"
                          WIDTH="981"
                          VPOS="1847"
                          HPOS="490"
                          CONTENT="Ut cito sit reditus hora parata tui."/>
               </TextLine>
               <TextLine ID="r1l27"
                         BASELINE="414,2003 475,1999 537,1996 598,1994 660,1993 722,1993 783,1994 845,1996 906,1998 968,2001 1030,2004 1091,2008 1153,2012 1214,2016 1276,2020 1338,2024 1399,2028 1461,2032 1522,2037 1584,2039 1646,2042"
                         HEIGHT="211"
                         WIDTH="1250"
                         VPOS="1893"
                         HPOS="406">
                  <String ID="string_r1l27"
                          HEIGHT="211"
                          WIDTH="1250"
                          VPOS="1893"
                          HPOS="406"
                          CONTENT="Sed iam tempus erat, cum me deducere sponsam"/>
               </TextLine>
               <TextLine ID="r1l28"
                         BASELINE="482,2075 535,2073 589,2071 643,2071 697,2071 750,2071 804,2072 858,2074 912,2076 965,2078 1019,2081 1073,2084 1127,2088 1180,2091 1234,2095 1288,2099 1342,2102 1395,2107 1449,2111 1503,2115 1557,2119"
                         HEIGHT="144"
                         WIDTH="1096"
                         VPOS="2003"
                         HPOS="471">
                  <String ID="string_r1l28"
                          HEIGHT="144"
                          WIDTH="1096"
                          VPOS="2003"
                          HPOS="471"
                          CONTENT="Instituunt iuvenes virgineusque chorus."/>
               </TextLine>
               <TextLine ID="r1l29"
                         BASELINE="369,2168 431,2163 493,2158 556,2154 618,2153 681,2151 743,2151 806,2152 868,2153 931,2156 993,2158 1055,2161 1118,2164 1180,2168 1243,2171 1305,2175 1368,2178 1430,2181 1493,2183 1555,2185 1618,2187"
                         HEIGHT="159"
                         WIDTH="1268"
                         VPOS="2079"
                         HPOS="360">
                  <String ID="string_r1l29"
                          HEIGHT="159"
                          WIDTH="1268"
                          VPOS="2079"
                          HPOS="360"
                          CONTENT="Dat digitis gemmas mater, dat crinibus aurum"/>
               </TextLine>
            </TextBlock>
         </PrintSpace>
      </Page>
   </Layout>
</alto>
