2000 2581
498 107 1145 124 Instituas tantum, miseram ne sperne clientem.

494 188 1150 106 Quod si nulla tuam possunt inflectere mentem

493 254 1065 96 Consilia, et nobis non plus vivendi Cupido

493 312 1019 91 Restabit, duros moriens finire labores

494 371 1016 104 Instituam, nostrę non est spes ulla salutis.

475 432 1115 99 Conticuit tandem, lachrymis simul ora rigavit

498 486 1176 111 Mollia, tunc lachrymę molles decuere loquentem.

497 557 1029 89 Et ruit in collum iuvenis correpta furore

503 605 1105 118 Insano, lachrimis late omnia complet amaris.

514 673 1154 105 Constitit at iuvenis trepidus, nec pectore crimen

512 740 1163 118 Concipit infandum, rubeum dant ora pudorem,

507 797 1060 111 Abhorretque scelus dirum coecumque furorem.

503 860 1004 106 Quid dicat nescit, coeca caligine pectus

518 919 972 109 Volvitur, et gelido complentur corda timore.

520 984 942 101 Ut si serpentem conspexit forte viator

520 1040 1067 111 Inscius exhorret trepidus gressumque referre

507 1101 1057 105 Accelerat, dubia rapitur formidine pectus

503 1164 934 108 Sic quoque dicentis perculsus vocibus ille

522 1222 1030 109 Isacides timuit, gelidus per membra cucurr[u]it

510 1277 928 115 Sanguis, pallenti rapiuntur corda timore.

512 1336 1071 103 Constitit exanguis nec, quo sermone dolentem

514 1393 1035 120 Compellet dominam novit, mentemque tenebrę

523 1460 982 100 Involvunt atrae, tandem sic ora resolvit.

432 1516 1158 126 Hei mihi proh demens quae tu nunc dicta dedisti?

510 1571 994 106 Quis talem potuit nobis sperare dolorem?

515 1637 1136 100 Sunt, fateor, multi, quos hęc fortasse iuvarent,

521 1699 1019 104 Gaudia qui mundi et carnis solatia quaerunt.

506 1758 945 92 At mihi non talis animus talisve Cupido

520 1819 1018 107 Insedit misero, tanto ut vaga gaudia quaeram

501 1889 1034 101 Damno, nec tali rapiuntur corda furore

512 1939 1107 109 Quin videam semper sanus moderamina recti.

454 2001 1038 104 „ At tibi postquam animus coeco correptus amore

449 2072 1180 92 „ Aestuat, haud facile est recto te limite duci.

519 2128 1125 104 Sed precor, ausculta dĭligens nec sperne monentis

523 2184 1147 108 Consilia, haud etenim fraudes contexo dolove.
