2000 2581
346 158 927 150 Non cito luctifico pulsa dolore cadunt.

134 250 1236 134 Cum corpus tenerum, cum sit cor molle puellis

366 346 1019 118 Vix miserae possunt damna minora pati.

271 419 970 111 Te varii exercent semper recreantque labores,

341 491 891 120 Cum mihi sit tanto tempore nulla quies.

272 552 1012 128 Aut tu cum sociis nuda certare palęstra,

339 636 977 115 Aut potes ad certum mittere tela locum.

261 712 1064 106 Aut velocis equi luctantia colla retorquens

333 771 937 144 Exiguo positos flectis in orbe pedes.

274 861 1058 126 Vel modo venando vel patria rura colendo,

340 944 996 123 Piscibus aut inhians tempus inane teris.

271 1011 1061 128 Quę mihi si tollas superest nil praeter amare,

362 1090 963 134 Tempora sic lucis, tempora noctis ago.

267 1172 1054 131 Aut ego quas habeo de te perquiro puellas,

309 1236 1012 126 Et longum de te fallo rogando diem.

295 1314 1106 138 Interdum lachrymis in nostra cadentibus ora

327 1395 1008 142 Desinit in medio lingua retenta sono.

266 1475 1076 137 Solantur verbis miseram, sed gaudia nulla

331 1549 979 127 Accipiunt luctu corda gravata meo.

280 1624 1096 139 Te reducem nobis promittunt luce futura,

342 1710 979 127 Sed promissa gemo vana carere fide.

279 1779 1108 141 Tu quoque pollicitus fueras sed vana locutus

293 1867 1146 128 Non facis ut possint verba tenere fidem.

280 1948 1123 132 Turpe viro fuerit sociis promittere falsa,

366 2030 893 126 Vel fictis verbis imposuisse viris.
