2000 2581
586 177 796 136 SEPHIRA IOSEPHO

301 308 1093 135 Quam mihi sola potest tua spes praebere salutem

363 387 859 122 Hebraeo mittit Memphica sponsa viro.

328 433 898 139 Perlegis an casto quo fulgent ora pudore

361 523 900 114 Tu servus dominę scripta videre fugis?

329 585 1514 191 Perlege nec, quae sunt nondum tibi cognita, sperne

355 655 936 107 Formosum rigidum non decet esse virum.

64 705 1183 124 Non etenim ignoras hostilis epistola missa

359 784 868 112 Hostibus a sęvis saepe legenda venit.

301 844 1020 118 Sępe meam volui praesens tibi pandere mentem,

361 905 870 124 Obstitit in stulto qui fuit ore pudor.

314 981 1052 110 Quid tamen ah pudeat? Non est res ista pudori,

353 1048 913 107 Sed nostrum vexat sic metus iste genus.

299 1106 1084 112 Si pudeat linguam manus est mihi fortior illa,

360 1174 1059 111 Scribere non metuit, quod pudor ora vetat.

303 1236 1074 123 Quod tamen officio manus hęc nunc fungitur illo

362 1287 1229 142 Crede mihi vęhemens iustaque caussa mihi est.

307 1371 1059 117 Haec amor in coeco flagrat qui pectore nobis,

364 1427 973 123 Cogit, et hęc iussit scribere diva Venus.

295 1501 1167 109 Quicquid Amor iubeat tutum tibi spernere non est.

353 1570 888 109 Si nescis, superos vincit et ille deus.

292 1631 1165 113 Non illum spernit puerum licet igne micantem

338 1690 852 111 Qui regit altisonans Iuppiter ipse polum.

307 1746 1057 132 Ille licet mittat rutilantia fulmina dextra,

364 1815 886 122 Terreat et superos tartareosque Deos.

289 1875 1069 113 Huic quamvis cedant omnes, tamen ipsus amori

342 1938 1009 107 Cedit et hoc victo fulmina lenta cadunt.

290 2009 1058 121 Hic mihi causa fuit nostrae tibi pignora dextrae

338 2082 1035 119 Mittere, et hęc fida scripta notata manu.
