2000 2581
496 102 1009 126 Ne tamen in puteo vitam male perderet insons,

509 185 1000 102 Nunc Madianitis praegressis venditus ille est.

443 239 927 105 Talia percipiens crudelia crimina Ruben

508 314 1123 89 Concidit exanimis, mox hi tenuere cadentem,

500 364 1039 116 Atque alii gelidis fuderunt tempora limphis.

505 435 1041 116 Ille sed exanguis iacuit, gemitusque profundos

509 507 1018 102 Propter germanum contrito pectore duxit.

502 554 1080 113 Sed veluti somno tandem relevatus ab alto

508 634 1152 133 Pallidus exurgit, tum clamans aethera complet.

440 698 1206 108 O mare et o tellus, o vos clarissima mundi

478 763 1162 136 Lumina, quique deûm supremo celsus Olympo

502 826 1185 121 Imperitans resides, cur talia crimina fratrum

500 893 1139 126 Permisti omnipotens? cur ipsis frena dedisti

516 960 1150 136 Impium ut hi possent rabidi complere furorem?

495 1028 1159 127 O scelus, o furiae, o vęhemens insania mentis.

489 1098 1172 107 Quę rabies tantum potuit? quę tanta libido

490 1162 1209 128 Impulit, ah proprium peregrinis vendere fratrem?

491 1235 1219 127 O Deus omnipotens quin tandem crimina punis?

481 1290 1203 139 Fulmina saeva iace et sceleratos perdere fratres

476 1361 1196 131 Aggredere accelerans, alia haud in tempora differ

508 1432 1260 123 Vindictam meritam, nunc nunc o fulmina mitte.

475 1503 1113 114 Et vos, o parricĭdae, quae tanto crimine poena

479 1566 1002 122 Sufficiet? fratris poterit pensare dolorem

480 1648 1172 108 Supplicium? hic alias etenim deductus in oras

489 1756 1075 130 Imperia infoelix rigidi complendo magistri

481 1832 1031 131 Immeritas misero tolerabit corpore poenas.

473 1908 1091 123 O quanto melius fuerat male perdere vitam,

475 1977 1216 124 Quam miserum īn alias servum deducier oras?

474 2045 1176 119 Quod si non fratris miseri fortuna movebat,

479 2114 1194 139 Non dolor et lachrymę vetuli movere parentis?
