2000 2581
712 119 208 87 MOSI

271 174 1001 120 Ah miserere mei, nec te meminisse priorum

330 252 821 104 Nunc velis, o vita charior ipse mea.

287 323 1000 125 Ipsa quidem fateor vęsanae turbine mentis

341 389 842 119 In proprias clades maxima causa fui.

297 467 1040 121 Nil tu peccasti, non est tua culpa quod orba

351 532 904 118 Te careo, coniux qui mihi dulcis eras.

283 606 1062 120 Ah memini noctis quae me moestissima fecit,

309 691 1048 116 Linquerem ut hos mores chare marite tuos.

289 755 1046 116 Cum tecum comitata meos infausta penates

333 834 1046 90 Linquo nec ut decuit, fida sodalis eram.

104 867 1287 166 Cum te neglectae propter mala crimina legis

361 979 809 120 Vix potui auxiliis eripuisse meis,

289 1052 1136 141 Atque ut eram prudens, nimio sic mota dolore

326 1121 894 123 Lugebam nati vulnera cruda mei.

313 1208 1114 129 Utque sumus semper nimis ad convicia promptae

353 1285 724 111 Incepi cultus vītuperare tuos.

338 1332 1110 148 Improba quid feci? quo tunc ego digna fuissem

356 1427 903 120 Supplicio, nisi tu mitior ipse fores?

292 1489 1226 139 Nec satis hoc fuerat, patrias divertor ad aedes,

353 1571 860 116 Hac ego debebam tunc periisse via.

305 1633 994 130 Sed tu maiori compulsus numine pergis,

390 1707 863 104 Ut videas gentis pondera dura tuae.

292 1779 1067 121 O pietas, tantos non digna subire labores

361 1864 909 105 O pietas miserae cognita saepe mihi.

305 1931 1198 142 Non Pharao terret, quoniam divina voluntas

360 2004 1014 125 Ut mihi narrabas, triste iubebat opus.

327 2083 1225 144 Hęc mihi narrabas, sed non me dicta movebant,
