2000 2581
865 126 396 91 SEPHORA

532 183 850 118 Talis in attonito pectore torpor erat.

449 259 1072 105 Non ego, quę Domini curans praecepta iuberent,

492 331 973 97 Nec te, qua decuit, mente secuta fui.

448 394 1136 116 O utinam gelidę mortis tunc hora fuisset,

520 474 994 105 Ad patriam quę me iussit abire domum.

454 542 1130 102 O mihi tunc triplices secuissent fata sorores,

516 616 996 102 Cum poteram tanto crimine pura mori.

463 675 1072 115 Mors esset melior quam conscia criminis huius

535 742 930 116 Vita, per aeternos usque gemenda dies.

474 816 1068 115 Hei mihi quid feci? cur te charissime liqui?

507 891 1076 116 Hanc mihi quę mentem Parca maligna dedit?

456 931 845 120 Scilicet ut durum corpus natura negavit,

509 1011 852 104 Sic rursum nobis mollia corda dedit.

471 1075 950 120 Fortius at vobis corpus, mens nescia vinci,

509 1149 951 113 In mala nos vero turba tenella sumus.

464 1204 1120 121 Quare ego per nostri te iura sacerrima lecti.

498 1289 903 114 Et per coniugii pignora chara precor.

450 1343 1171 124 Nunc miserere mei, nec dura crimina mente

507 1426 940 118 Plectito, plura licet commeruisse queant.

436 1493 1157 126 Quid tamen hęc scribo, scribenti nuntia venit

492 1563 1024 114 Fama procul Nili littore abire virum.

447 1631 996 118 Nunc te fama refert collecta gente paterna

491 1696 865 109 Evasisse rubri per vada salsa maris.

448 1768 1083 124 Et Pharium rapido submersum gurgite Regem

480 1849 814 100 Dum te persequitur fata tulisse sua.

443 1909 1161 142 Quo properas vir chare precor? quo figere castra,

489 1995 884 101 Aut quo vis sedes nunc posuisse loco?

429 2058 1034 122 An tibi non satis est nostro perculta parenti
