2000 2581
514 120 911 131 Ast ubi dilecti Tithoni aurora reliquit

525 191 1174 109 Iucundos thalamos, non hęc tamen improba flammas

507 268 976 103 Excutit, insanae fallax obversat imago.

517 326 1133 120 Amplexusque iuvant ficti et vaga somnia tristis

506 387 1069 113 Ruminat, et vellet non fictis ludere ludis

530 451 1162 112 Somnia, tum magis atque magis coeco aestuat igne.

510 521 1175 106 Et velut ardentem si quis magis excitet ignem

523 581 1064 128 Iniiciens stipulas flammis sarmentaque sicca,

515 638 1045 124 Exoritur statim celeri cum robore flamma,

515 707 1111 124 Atque trabes altas scandens nunc proxima quaeque

538 770 1056 122 Vastat et ignitae volitant hinc inde favillae.

530 826 1091 131 Sic quoque fallacis ludens hanc noctis imago

522 891 1122 111 Ardentes animi flammas et adauget amorem.

533 954 931 120 Nunc expulsa iacet omnis sententia recti,

527 996 986 151 Et placuit sceleri et dirę succumbere culpae.

527 1081 974 122 Exurgit stratis demens, castumque cubile

531 1152 1061 107 Linquit festinans, aedes male sana furore

546 1180 1192 148 Complens, et lachrymas humentia lumina stillant.

553 1270 937 114 Iamque aras curare sacras cultusque deorum

551 1329 1030 123 Instituit solitos ( tanta est fiducia coepti )

552 1397 1070 114 Ut magis iniusto aspiret deus aequus amori.

535 1427 1121 136 Nunc divi infoelix inclamat numen Osiris,

533 1518 1113 137 Atque interstinctum maculis bicoloribus Apim.

478 1578 1022 139 Est locus extrema longe semotus ab aula

537 1626 1097 132 A turbis vacuus, nullo qui murmure vulgi

543 1728 1087 103 Perstrepit, et curis nullis turbatur amaris.

539 1784 1007 129 Huncque lares habitant fidi charique penates,

545 1845 1133 128 Quęque Iovis thalamos subiit formosa iuvenca.

552 1919 1068 115 Huc pede veloci confert se regia coniunx,

543 1975 1014 102 Regales habitus molli de corpore ponit,

540 2032 1031 109 Et vittam capitis solvit, flavique capilli

542 2091 1292 136 Involitant humeris, cervice et fulget eburna.
