2000 2581
573 90 868 132 Quorum foeda mihi causa Libido fuit.

494 188 974 107 Et iustis merui poenis gravibusque perire,

591 241 886 127 Nec poenis possem sufficere ipse meis.

499 323 967 108 Quid tamen hic facies, o clementissime princeps,

594 389 846 128 Si nos pro meritis nunc periisse voles?

500 460 1088 120 Quis tua sustineat mortalis splendida sceptra?

595 544 867 108 Iudicium quisnam possit adire tuum?

526 605 931 129 Hei precor iratus ferventia corda remitte

580 675 936 108 Et retrahe exertam verbera ad alta manum.

545 761 1095 110 Nostra quidem meruit poenam turpissima vita

583 816 846 131 Ah tamen o populi nunc miserere pater.

503 907 1014 122 O miserere pater, fer opem, depelle parata

569 994 1019 99 Damna, move mites cum pietate manus.

547 1055 915 120 Talia solicito dum princeps saepius ore

600 1115 1031 147 Ingeminat tristeis tendit in astra manus.

535 1197 997 134 Mox quoque praeconem perituram mittit in urbem

592 1275 907 120 Qui clamet medio talia iussa foro.

445 1341 1135 126 TRISTIA cum Dominus coeli nunc damna minetur

171 1426 1311 166 〈 Edictum publicum 〉 Et fatum nobis excidiumque paret,

527 1493 1108 137 Hęc modo decernit nostrę rex inclitus urbis,

592 1568 1070 118 Quae tamen effectum vult habuisse simul

549 1652 959 118 Sobria conservent omnes ieiunia ventris

625 1716 908 128 Nec cupidum videat pabula lęta pecus.

546 1796 970 121 Ponantur rubeo pretiosae murice vestes,

577 1871 982 126 Funestus saccus tristia membra tegat.

542 1944 1118 141 Inque caput cineres afflictum spargite nigros

636 2016 1010 131 Tundite luctifica pectora moesta manu.
