2000 2581
486 114 1112 98 Et modo diducens vestes sua pectora monstrat

505 172 1146 108 Candida, forte oculos possit si lędere amati.

513 242 1064 91 Non tamen hic lachrymis ullis precibusve movetur,

508 301 1061 86 Nec stetit inconstans animo sententia recti,

507 352 1032 110 Avertitque oculos ne mollia pectora cernat.

510 423 1152 110 Quoque magis iuvenis male sano pugnat amore,

517 479 1177 125 Hoc magis hęc instat misera et non cepta relinquit.

500 544 1072 98 Et rogat et plorat demens, promissaque iactat

521 595 1058 117 Splendida, certa animi nunquam se cedere velle

520 672 1100 102 Quin prius insanum possit complere furorem.

520 720 1094 123 Sed constans animi iuvenis fortisque resistit,

512 788 1262 112 Non illum lachrymę molles non verba movebant.

507 852 1061 106 At mulier nullis precibus sua corda moveri

514 921 1086 103 Conspiciens, animo non saevas continet iras,

511 980 1185 113 Intonat horrendum iuveni, multumque minatur.

520 1044 968 97 Non tamen ira valet generosum frangere pectus.

520 1095 1015 112 Sed veluti scopulus durus quem littore stantem

514 1162 993 113 Impellunt varii fluctus atque aequoris undae

519 1228 1053 97 Insultunt strepitu, sed non depellere fluctus

522 1284 1034 106 Constantem possunt, resonant undę reboantque

522 1351 1040 95 Immensum, sonitus ast hic contemnit inanes.

515 1410 1061 99 Haud aliter iuvenis muliebria temnere dicta

504 1475 1134 108 Pergebat fortis, non hic lachrymisve minisve

529 1535 804 100 Ullis terretur, sed semper perstitit idem.

509 1594 999 119 Hęc ubi conspexit mulier concussa furore

447 1648 1166 114 Non tamen effugies ( inquit ) non improbe frustra

515 1715 1096 104 Tantum oratus eris, quin iustis viribus utar.

513 1778 1091 97 Dixit et invitum amplexens mox oscula fixit,

515 1842 998 112 Atque onus ingratum nivea cervice pependit.

503 1901 1003 104 Luctaturque puer multum, fortisque repugnat.

505 1962 1079 98 Illa tenax autem pueri in complexibus hęret.

520 2020 1061 122 Utque hedera ābietes stringit vel quercubus altis

518 2080 1063 108 Adiacet, et nodis variis se cingit in orbem.

511 2147 1124 115 Sic iuvenis corpus totum mala foemina cingit,
