2000 2581
494 130 1155 115 Complet, tum manibus plorantia pectora tundit.

488 207 1163 108 Flent moestae matres, reducem quę saepe videntes

482 277 1113 104 Hectora victorem pro natis sacra ferebant.

482 335 1101 119 Flentque senes chari, plorat Troiana iuventus

487 418 1021 97 Pręscia iam tristes Troiae superesse ruinas.

495 475 1091 116 Sic quoque tota domus miseri deplorat Iacob,

499 546 986 108 Nomen et amissi crebro compellat Ioseph.

500 612 1168 96 Flent matres, fratres, famulorum tota caterva

508 674 1042 106 Plorat, luctifica complentur omnia voce.

503 745 1148 113 Iamque pater gnati tunicam proh sępe cruentam

504 808 1231 131 Contrectat manibus, lachrimis et cuncta rigabat.

506 878 988 112 Sępius infirmus luctu defessus amaro

502 951 1135 117 Concidit exanguis totus ( miserabile visu )

513 1019 911 106 Canitiem cinere aspergens atrisque favillis,

505 1067 976 129 Sępius et geminans puerum compellat Ioseph,

483 1154 777 106 O fili fili quae te fortuna parenti

493 1188 1124 134 Sustulit hęc num te miserum proh tristia fata

497 1274 1037 119 Manserunt fili, fieres ut pręda ferarum?

495 1351 1104 113 Sed quando dura mi fili es morte peremptus

500 1415 1080 115 Mox ego vivendi non grato munere fessus

495 1475 1131 126 Subsequar, et moriens te tum comitabor Ioseph.

481 1544 1134 108 Dixit et exortae lachrymę impediere loquentem,

474 1611 1042 127 Linguaque conticuit magno defessa dolore.

488 1683 1096 120 Atque nurūs inter facie pulcherimma Dina

526 1755 1114 117 ( Quam quondam Sychem vesano captus amore

508 1833 1139 109 Abripuit, tristes solvens pro crimine poenas )

501 1891 1070 110 Quęritur infoelix amissi funera fratris.

486 1963 1121 112 Et faciem pulchram lacerat vestesque decoras

499 2030 1116 124 Abiicit, et duris manibus candentia rumpit

500 2096 1162 134 Pectora, cunctaque luctificis ululatibus implet.
