2000 2581
827 116 344 80 MICHOL

492 123 855 139 Pertrahit in thalamos patre iubente suos.

383 211 1095 137 Quid facis? ( exclamo ) magno hęc tibi gloria stabit,

487 314 948 108 Si nescis, non hęc vindice culpa caret.

399 375 1000 110 Elige nunc aliam quae nulli nupta marito

490 434 896 119 Rite tuos poterit sponsa subire lares.

413 497 962 131 Surdior inde mari validisque immitior Euris

502 580 861 105 Vix ab inornatis abstinet ille comis.

413 638 982 124 Conscendo lectum veluti si forte mariti

472 711 1066 138 Defuncti scandat nupta pudica rogum.

413 767 984 129 Et velut hostilis fugio conamina dextrae

490 861 1157 129 Qua licet, et lachrimis mollia strata madent.

402 915 1155 145 Quod si forte manu incerta fera corpora tango,

493 996 966 105 Pollutas videor sanguine habere manus.

427 1056 1098 132 Quid gravius ferrem bello si patria victa,

482 1119 907 143 Hostibus externis praeda cruenta forem?

394 1212 1088 110 Quid captis faceret miles crudelibus armis,

484 1275 1034 138 Quod non nunc etiam Phaltiel hostis agat?

416 1351 1024 117 Sępe tua illius pro nomine nomina nobis

488 1426 905 129 Succurrunt: illi si modo forte loquor.

418 1489 996 123 Scilicet hęc nostri constans fortuna tenoris,

497 1567 958 124 Ut veniant vitae nulla secunda meae.

425 1635 1229 144 Parvula pauper eram, nec enim sacra sceptra gerebat

485 1716 960 113 Tunc pater, errantes pastor agebat oves.

424 1784 1029 125 Nataque pastoris tandem sum filia regis,

471 1862 980 130 Hei quales subeunt omnia nostra vices?

423 1926 1148 115 Quid tamen hoc iuvit? maior nam causa dolendi

467 2010 1122 118 Quam dum pauper eram coepit adesse mihi.

397 2068 1146 138 O quanto mallem per amoeni gramina ruris
