2000 2581
470 123 1158 105 Quid meruit collum tenerum mollesve lacerti

475 198 1168 123 Quod meruere nefas? quo vos ego crimine lęsi,

482 260 1214 121 Ut rigida insontis stringant nunc vincula collum?

473 332 1143 128 Nunc ego qui quondam liber servire docebor?

466 411 1075 121 O Deus omnipotens qui summo culmine coeli

480 481 1161 114 Omniscius residens perlustras lumine cuncta,

480 555 1108 118 Insontem serva, tua nec mihi gratia desit,

485 610 1062 137 Ut patiens possim rigidos tolerare labores.

390 668 1279 160 Hęc ubi dicta dedit, tamen haud sententia mota est

469 764 1304 114 Fratrum, crudelis residet sub pectore Erynnis.

465 850 1219 118 Diffugiunt celeres, repetunt convivia coepta,

469 922 1163 126 Atque novo celsum conturbant aethera cantu.

469 993 1059 115 At Madianitae ceu capto vincula dura

468 1063 1236 122 Aptantes Nili ad septenflua flumina tendunt.

430 1140 1171 115 Interea Ruben, qui tanto crimine fratrum

453 1209 1232 127 Defuit, et puerum studuit servare parenti

456 1276 1289 144 Ad puteum rediit nec fratrem repperit usquam,

458 1350 1274 135 Sępius inclamat, viridis dum concava fontis

466 1426 1242 138 Invocat, atque simul sylvas camposque patentes

470 1489 1251 145 Inclamans implet, resonatque in montibus Echo.

471 1564 1195 135 Ut quondam fertur Phrygia in Tirynthius Heros

479 1624 1227 155 Insonuisse ferox dum infoelix invocat Hylam

490 1706 1264 143 Vocibus haud aliter Ruben nunc omnia complet,

458 1794 1229 124 Et gemitus lachrymis permixtos pectore ducit.

465 1863 1324 148 Nec modo quo properet novit, quo tramite fratrem

459 1939 1316 125 Inveniat miserum, suprema cacumina montis

452 2002 1148 132 Anxius ascendit, sęvarum lustra ferarum

447 2084 1250 147 Intrat et amissum frustra vestigat Ioseph.
