2000 2581
869 115 396 105 REBECCA

463 185 1012 87 Saepe ego ceu viduo iacui male sana cubili

554 245 797 122 Tristis et in curas officiosa meas.

462 319 1066 115 Scissa genas, laniata caput, dispersa capillos,

526 387 999 120 Utque nives lachrymę sole madente fluunt.

474 449 1055 125 Cum vigilo nostrę menti tua prodit imago,

510 515 931 120 In somnis eadem noctis imago venit.

471 588 962 114 Sicque ego carnivoro vixi distorta dolore,

517 657 930 109 Dum semel inceptum luna peregit iter.

474 722 922 104 Nescio quae somni species solata dolores

507 788 1312 112 Expulit, et luctus fecit habere modum.

486 857 994 113 Nempe levi iaceo dum lugens victa sopore

519 916 883 108 En tua sollicitae prodit imago mihi.

475 986 1049 135 Atque tuum video recubans in cespite corpus,

517 1066 990 121 En de te rami sydera summa petunt.

478 1132 1053 117 Et iam bis senos uno de germine ramos

528 1196 1095 137 Cerno, sed his cunctis stirps quoque lęta fuit.

482 1267 1022 103 Sed tamen hos inter medius tendebat in altum,

521 1331 912 111 Dixisses illum numen habere grave.

375 1400 1183 133 Qui iam sceptriferos generoso in stipite reges

542 1473 949 99 Gestat et eximios tollit in astra duces.

467 1538 1090 111 Fallor an in summo fulgebat germine quidam

536 1595 976 121 Promissae quondam dona salutis habens?

479 1666 1147 123 Nempe puer summa radiabat in arbore clarus,

527 1731 997 117 Quem vix tunc oculi sustinuere mei.

497 1804 1067 134 Talis ab illius splendebat lumine fulgor,

526 1879 1044 113 Qualem surgentis lumina solis habent.

490 1958 1075 119 Et pede serpentem calcat qui dente retorto,

525 2013 958 124 In pueri spirat nigra venena pedem.

493 2095 1075 111 Tunc veluti rubeus curvo flos sectus aratro,
