2000 2581
702 120 293 90 DAVIDI

181 160 1126 123 Et mea purpurea corpora veste nitent.

259 234 1177 138 Frontibus ornantur thalami postesque foresque,

350 314 1197 120 Aula patris, tabulae, compita, templa Deûm.

264 385 1178 130 Lampades ignitae flammis radiantur et auro,

359 459 959 105 Vestibus auratis regia tota nitet

296 537 1226 135 Musica turba venit, resonant cytharaeque lyraeque

341 618 1119 131 Et duplici crepitant naublia pulsa manu.

288 674 1173 154 Multaque praeterea, quid enim iuvat omne referre

360 763 1119 138 Quod solet in tanti principis esse domo?

279 828 1221 159 Sponsus adest lętus fulgetque in vestibus  aurum

350 913 1132 155 Et rosea in nivea fronte corona sedet.

276 1002 1248 114 Omnia conveniunt festis, sed nostra dolore

350 1075 1091 117 Carnivoro nimium pectora pressa gemunt.

295 1137 1151 137 Nec ceu sponsa solet vultu procedo sereno

370 1220 1053 129 Sed velut in nati funere moesta parens.

317 1286 1210 145 Perque genas lachrymę fulvum labuntur in aurum,

382 1370 1081 129 Singultuque frequens tristia corda quatit.

312 1438 1192 137 Insequitur mater, soror et mea turba puellae,

368 1529 1188 115 Queis similis cruciat pectora moesta dolor.

296 1578 1145 166 Scilicet hęc facies festi quod linquere foedus

367 1683 997 133 Me iussit primum connubiumque tuum.

300 1749 1219 149 Cuncta tamen melius media sub luce ferebam,

368 1835 1144 139 Quam postquam vultus condidit alma dies.

280 1916 1350 156 Occiderat Phoebus madidasque asperserat umbras

345 2012 1153 115 Nox terrę et rebus non color ullus erat

315 2083 1173 137 Arripuit dextram periurus Phaltiel et me
