2000 2581
840 99 414 77 REBECCA

475 141 906 104 Miratus gladios, galeas, hastilia, scuta,

527 195 1014 117 Et iaculum gaudet sustinuisse manu.

460 275 1120 97 Et modo per sylvas, modo summa cacumina fertur

531 327 883 111 Atque agit infestos per iuga longa canes.

469 393 923 104 Saepe ego pertimui, fieret ne pręda ferarum

532 462 910 88 Aut caderet sęvo dente furentis apri.

480 523 1016 97 Sic ubi inaequali studio vaga tempora vitae

527 588 921 102 Vivitis īn annos turba gemella pares,

479 636 915 119 Et iam venisset vobis robustior aetas,

534 728 786 99 Aetas, hei, votis saepe petita meis.

498 789 996 119 Cum iam de vobis quaevis solatia spero,

528 854 1007 109 Hei, magis in luctum causa reperta meum est.

503 924 1035 98 Mox germanus Esau perversae turbine mentis

555 988 911 102 Vendidit hoc in te ius quod habebat, iners.

508 1056 1010 115 Hinc odium gliscit durum, moestissima mater,

544 1132 724 101 Ah, nimium cępi saepe timere tibi.

515 1195 911 109 Utque solet fieri, nunquam meliora sequuntur,

536 1255 835 107 Sic odiis semper contigit ansa novis.

209 1329 1289 144 〈 Gen. 27 〉 Illa dies nocuit multum, quo lumine cassus

544 1391 922 125 Optavit prędam fratris habere pater.

504 1462 858 112 Cum tu consiliis nostris iussuque doloso

539 1539 883 102 Surriperes fratris iura suprema tui.

510 1601 1002 126 Pellibus ut tectus circum tua colla manusque

531 1658 904 122 Ad patrem defers corde tremente cibos,

495 1730 1079 113 Cum tibi ius fratris tribuens benedixit et huius

549 1788 818 113 Constituit Dominum nescius ipse pater.

504 1847 820 118 Ut vero rediit cursu defessus anhelo

536 1914 951 114 Alter et ad patrem fercula lauta tulit,

476 1995 1063 104 Attonitus genitor, quoniam se errasse videbat,

513 2056 870 107 Exposuit fratri callida furta tuo.
