2000 2581
294 156 1206 139 〈 Gen. 12 〉 Non tamen errorum satis est, mox tollimur illinc

552 253 969 105 Promissum a Domino dum petis ipse solum.

515 313 956 97 Hoc ut contigimus gaudenti fine laborum,

559 363 969 110 Mox gravius surgit, quam fuit ante, malum.

505 438 1094 112 Nam negat hęc tellus fruges, sterilesque per agros

546 501 964 94 Et vacuo regnat corpore nuda fames.

500 544 935 138 Hinc rursus sueto tecum defessa labore

552 623 851 123 Applicor in terras, Nile retorte, tuas.

521 684 1049 119 Hic ubi, dum metuis regem nimiumque vereris

575 742 813 111 Perdita consiliis sum quoque pene tuis.

520 814 1094 103 Sed tamen eripuit Dominus, nam passa timore

561 878 988 86 Sum nihil excepto, casta pudore manens.

521 937 1010 105 Hinc uteri postquam languentia munera vidi

573 1000 918 93 Gignere nec miseram posse favente Deo.

513 1057 1092 107 Quid feci infoelix? ( dolor est meminisse priorum )

597 1116 1013 106 ( Quod facere in terris foemina rara velit )

272 1179 1315 127 〈 Gen. 16 〉 En Agar ancillam lectum conscendere nostrum

560 1241 914 112 Et dedi in amplexus posse venire tuos.

529 1308 853 111 Illa ferox postquam se concepisse videret

563 1376 917 99 Me cępit dominam spernere iniqua suam.

513 1426 997 127 Quid facerem? Pulsa est nostris laribusque domoque,

578 1498 855 113 Vixque bene exierat, rettulit illa pedem.

510 1554 1027 121 Quidve ego nunc credam? Nimirum captus amore

577 1619 755 104 Illius renovas pristina iura tori.

534 1676 1075 115 Cur etenim dubitem, cum sis tam lentus in ira,

607 1752 933 91 Cum non iniicias in tua iura manus?

523 1814 971 105 Quod si quis rapiat pecudes agnosve bovesve

570 1884 887 91 Mox raperes celeri fortia tela manu,

540 1949 934 103 Coniuge sed rapta non ulla pericula tentas

566 2010 910 110 Et metuis, quamvis caussa timoris abest.
