2000 2581
770 123 447 88 REBECCA

447 162 967 128 Ille tuam misere fortunam plorat acerbam,

493 259 879 101 Et lachrymis canos inficit usque suos.

449 324 942 109 Et qui me miseram verbis solando iuvare

489 392 879 115 Debuit, in luctu desidet ipse gravi.

451 467 1111 123 At germanus Esau nostrę pars altera stirpis

499 530 944 105 Semper nostra novo corda dolore premit.

452 603 1132 116 Nam quid nunc memorem quae te praesente protervus

491 668 860 120 Fecerit? En factis obruit usque novis.

470 739 1040 126 Postquam etenim vidit non hac de gente petitam

519 823 725 95 Uxorem patri posse placere suo.

464 881 1005 120 Te quoque dimissum, simili ne coniuge captus

506 958 858 109 Inficeres generis signa sacrata tui.

467 1017 1029 130 Improbus ecce novę sibi tunc connubia iungit,

505 1098 888 113 Addit et hęc sceleri turpia facta suo.

447 1174 1165 116 Et nunc ceu Nimroth furibunda mente per arma

523 1243 935 101 Vivit et e rapto praeda cruenta sua est.

465 1314 991 91 Scilicet hoc pulchrum, solum hoc putat esse decorum

531 1379 913 103 Ut multi metuant facta proterva viri.

463 1435 1112 112 Hei mihi quis luctus, quanti mihi mente dolores

525 1522 974 97 Surgunt, cum nati crimina cerno mei!

472 1584 1130 127 Quam dolet ah miserę tristis cum cernere cogor

516 1650 873 113 Externam nati commaculare thorum!

203 1692 1492 167 〈 Gen. 24 〉 Non huic corda movent, quae quondam maximus Abram

505 1798 827 117 Fecerat in patris foedera casta tui.

456 1883 1064 104 Non durum tangunt animum pia iussa parentis,

518 1949 849 99 Iussa per aeternos rite colenda dies.

442 2016 1087 143 Non tamen hęc tantum cruciant, quam bella minaeque,

528 2097 965 114 Quae contra fratrem te gerit ille suum.
