2000 2581
804 126 450 109 REBECCA

507 189 986 116 Nec patris auxilium nec genetricis habens.

451 271 1100 129 Atque ab avo missum famulum sum virgo secuta.

550 344 997 108 ( Hei, facere hęc hodie, quae modo virgo velit? )

456 416 1054 115 Sed bene successit, quoniam pia cura mariti

514 482 857 105 Solata est miserę tristia corda mihi.

456 554 957 100 Sed nĕ diu nobis melior fortuna maneret,

501 610 936 114 En vetulus tristi morte peribat Abram.

463 683 1164 112 Qui mihi post patrem fuerat pater, et mea luctu

526 764 900 114 Tristia consuerat corda levare gravi.

471 830 1067 125 Vix ego tam patris gemui mala fata perempti,

511 906 950 105 Quam gemui soceri tristia fata mei.

473 963 998 111 Quid tamen hic referam nostrę infortunia vitae,

522 1030 950 103 Quę mihi vix aliquis connumerare queat?

476 1093 1198 118 Quid sterilis narrem tardantia munera ventris,

527 1166 925 98 Sępius in lachrymas causa parata meas.

475 1228 1103 120 Funestamque famem, quae me charumque maritum

525 1303 1030 105 Compulit e patria barbara regna sequi.

477 1365 1153 118 Omnia quae taceam, tantum quos moesta labores

524 1442 995 114 Pro vobis tulerim nunc retulisse iuvat.

473 1498 1098 109 Quę tibi dum narro, videor mihi parte beata

523 1580 938 107 Pectoris has curas exonerasse graves.

479 1650 1040 118 Ah quoties petii dulcissima nomina matris,

535 1729 906 117 Ut possem ventris semina lęta dare?

475 1799 861 108 Scilicet humani sic stat sententia fati

523 1859 850 121 Ut semper querat dona nociva sibi.

472 1947 1044 97 Sed tamen audivit Dominus, nova pondera sensi,

523 2017 859 98 Pondera lętitiae maxima causa meae.

462 2070 1116 102 Et iam lęta nimis genetricis nomen avebam,

539 2202 1002 93 Et coepi nimium complacuisse mihi

443 2243 1232 120 Hei mihi quam fallax hominum fiducia, certam

523 2322 1239 115 Nulla futura solet spes tenuisse fidem.
