2000 2581
603 140 409 87 SEPHORAE

331 187 828 110 Impetit, ingenti territa mole fugis.

298 259 1166 120 Clamabam ( memini) cur me fugitiva relinquis?

337 326 1075 118 Cur petis, hei, patrios me sine, nupta, lares?

274 400 1127 110 Si non ipsa venis, saltem mihi linquito natos

331 465 1097 123 Quos mihi, quosque tibi causa suprema dedit.

284 540 1037 118 At tu, ceu canibus sylvas compulsa per altas

328 613 947 119 Admissis pedibus territa cerva, fugis.

283 684 1081 132 Ad patrium sine me festinas improba limen,

355 769 918 110 Ut solet a reprobo nupta repulsa viro.

291 828 1055 129 Improba quid de me potuit tunc dicere fama?

343 918 813 117 Suspicio soceri quę fuit atque socrus?

285 992 1088 119 Quis prohibet? Poteram multis fortasse videri

337 1071 858 122 Officio haud usus coniugis esse boni.

286 1139 965 119 Si mihi nolebas, debebas parcere natis,

341 1211 1002 129 Quos misera a vultu patris abesse facis.

295 1291 954 135 An quia successu tristi fortuna tonabat,

361 1372 893 119 Coniugis optabas perfida abire thoro?

308 1444 1134 137 An quia multa tibi mecum toleranda videres

365 1515 874 122 Tristi nolebas tu comes esse viro?

308 1602 1105 107 Hęc omnis faciat quae fert contraria coniux,

348 1674 1057 124 Hei mihi coniugium quis subiisse velit?

306 1750 1089 145 Quis genus humanum, celeri quod perditur aevo

366 1821 867 126 Semine legitimo restituisse volet?

300 1906 1214 136 Nomina quis patris feret? aut quae dulcia matris

361 1983 880 110 Gaudia suscipiet prole decora sua?

308 2058 1099 121 Hęc tua si mater demens nimis ausa fuisset,

362 2137 1061 122 Qui mihi nunc nati? quae mihi nupta foret?
