2000 2581
338 139 1147 130 Inque domos altas penetrat cum flamine flamma,

344 232 1168 106 Deplorata iacent cuncta et spes concidit anni,

350 289 1027 125 Agricolae miseri duras ad nubila palmas

358 368 1199 112 Tendunt et vastos plorant sine culmine campos.

309 427 990 113 Fratribus et talis coeco sub pectore flamma

358 509 1027 105 Aestuat, et surgunt irritamenta malorum,

367 574 1051 110 Sed nutrita diu tacito sub pectore tandem

357 647 1040 110 Exiliens patulas sese diffudit in auras.

363 722 1179 121 Postquam etenim ad fratres pascentes venit Ioseph

362 791 1014 107 Exponit simplex obscurę somnia noctis,

300 844 1127 119 Qualia, proh fratres ( inquit ) spectacula vidi?

367 931 1152 108 Nos etenim in campis omnes religare maniplos

367 983 1135 108 Cerno, sed erectus campo meus astitit almo,

367 1047 1264 141 Anteque sic stantem vestri cecidere manipli,

370 1114 1076 128 Divinoque meas fasces venerantur honore.

289 1165 1161 131 Postera mox alium peperit Latonia somnum

369 1255 1275 133 Quem patri et natis iuvenis sic narrat Ioseph.

357 1326 1124 131 Audi quęso pater tenebrosae somnia noctis,

390 1391 1282 138 ( Ah mihi quid tandem volitantia somnia portant )

351 1467 1281 138 Dum recubo lenta domitus mea membra quiete,

363 1535 1240 133 Abripi ego videor convexi ad culmina coeli,

363 1602 1196 145 Acceleratque cito fratris cum sydere luna,

368 1665 1295 139 Quos simul undenę stellę comitantur euntes,

349 1743 1284 157 Et faciem nostram domini ceu numen adorant.

278 1808 1252 157 Vix ea fimerat, sqeuo rum nuriure fratres

370 1874 1292 165 Surgunt atque minas volvunt sub pectore diras.

369 1938 1279 146 Vana quid insipiens nobis spectacula cantas

351 2004 1311 159 Fratribus insanus fallacia somnia iactans?

369 2067 1229 129 Num tibi sublimi tanta est fidutia mentis

360 2139 1290 163 Ut venerarĭ velis cunctos tua numina fratres?
