2000 2581
477 114 1094 136 Atque videns laudat, laudando colligit ignes.

451 203 1148 111 Ut mare quod tenuis paulatim commovet aura

501 270 1114 106 Insurgit sensim tremulum crispantibus undis,

506 330 1113 130 Nec furit insanum, nec saevas surgit in iras,

505 410 1023 92 Si vęhemens autem ventus accesserit illi

494 475 1076 121 Aestuat immensum, seseque attollit in altum

489 547 1129 111 Fluctibus, atque ferox imas eructat arenas,

480 614 1133 119 Et scopulos pulsat duros, curvasque carinas,

503 653 1273 128 Nec modus est irae, nec nunc moderamina restant.

452 735 1150 143 Sic quoque paulatim muliebria pectora surgunt

505 820 1189 118 Quę primum tenuis Veneris commoverat aura,

514 897 1112 127 Sępius at cernens puerum, iam colligit intus

506 962 1216 123 Ardorem coecum, nutritque in pectore flammam.

513 1033 1044 140 O quoties oblita sui, sua lumina figens

509 1069 1157 164 In pueri vultum non est saturata videndo,

510 1172 1133 122 Sed magis insanos cernendo colligit aestus.

520 1237 1139 120 Non dapibus gaudet lautis, non dulcia vina

513 1308 1117 132 Appetit infoelix, non somni munera captat,

503 1383 1020 125 Ast animo semper pueri obversatur imago.

520 1453 1175 119 Utque puella gemit charae genetricis ab oris

512 1516 1134 129 Abducta infoelix, duri quam pręmia Martis

528 1593 1079 126 Victor habens lętus peregrinas ducit in oras,

504 1667 1090 120 Et dat blanditias tenerae, et solantia verba

524 1727 988 131 Sępius inculcat, patriaeque oblivia nectit,

523 1803 1005 128 Hęc autem patriam charam charosque penates

526 1887 1044 115 Infoelix recolit, charę genetricis amores

527 1954 1080 118 Ruminat, eque animo lugenti gaudia cedunt.

523 2016 1086 107 Non hęc blanditias curat quas Barbarus olli

529 2087 1017 118 Offert, sed patriis animum delectat in oris.

1490 2156 217 104 Sic etiam
