2000 2581
324 116 979 113 Eduxit iuvenis, postquam se patre relicto

342 200 1114 109 Venditum in ignotas miserum conspexit in oras.

344 256 1071 125 Ah quoties voluit crudelia prodere fratrum

345 333 1168 116 Crimina, sed trepidum maiora pericula terrent.

334 401 1066 96 O patri quoties animo valedixit et illum

326 476 1058 110 Foelicem exoptat, tristi ne pectore tales

346 549 1079 110 Concipiat luctus possint qui tollere vitam.

323 615 1161 133 Atque Deum precibus ( mirum, quis credere posset? )

342 696 1213 124 Appellat, tanta ut fratrum non crimina poenis

349 764 1050 113 Compenset meritis, longo sed tempore doctos

346 817 1115 130 Instituat miseros, meliorque ut vita sequatur.

349 898 1170 121 Talia sed volvens animo nova vincula cernit

343 973 945 110 Aptari misere, generoso corpore lora

341 1028 1140 135 Accipit infoelix. Non hęc spectacula fratrum

358 1096 1255 131 Commovere animos, lachrymas nec lumina stillant.

345 1167 999 108 Ille sed ancipiti distractus corda dolore

349 1227 1128 121 Ingemit atque vices deplorat pectore tristes.

346 1302 1178 127 Nunc pater, et patrię tellus et amissa colenda

318 1364 1087 120 Libertas animum cruciat, quae pectore volvens

352 1427 1264 114 Temperat haud lachrymis, et non retinere dolorem

339 1499 1029 99 Infoelix potuit, quin tales ore querelas

337 1560 1151 114 Effundat genitul lachromans et talia dicat,

275 1611 1148 135 O pater, et patriae charae dulcissima tellus,

341 1692 1161 129 En ego qui quondam fulgenti veste decorus

344 1752 998 118 Incessi lętus, tanta comitante caterva

347 1835 1163 119 Fratrum, quos habui trepidę solatia mentis,

338 1893 1168 133 Ille ego qui patriam toties relevavĭ senectam,

344 1962 1210 138 Nunc miser et captus peregras deducor in oras.

329 2035 1184 129 O patrię campi, genitor mihi chare valeto.

337 2104 1154 147 Posthac non tristem natus relevabit Ioseph.
