<?xml version="1.0" encoding="UTF-8"?>
<alto xmlns:xsi="http://www.w3.org/2001/XMLSchema-instance"
      xmlns="http://www.loc.gov/standards/alto/ns-v4#"
      xmlns:page="http://schema.primaresearch.org/PAGE/gts/pagecontent/2013-07-15"
      xsi:schemaLocation="http://www.loc.gov/standards/alto/ns-v4# https://www.loc.gov/standards/alto/v4/alto.xsd">
   <Description>
      <MeasurementUnit>pixel</MeasurementUnit>
      <OCRProcessing ID="IdOcr">
         <ocrProcessingStep>
            <processingDateTime>2021-05-22T12:11:34.952+02:00</processingDateTime>
            <processingSoftware>
               <softwareCreator>READ COOP</softwareCreator>
               <softwareName>Transkribus</softwareName>
            </processingSoftware>
         </ocrProcessingStep>
      </OCRProcessing>
   </Description>
   <Layout>
      <Page ID="Page1" PHYSICAL_IMG_NR="1" HEIGHT="2581" WIDTH="2000">
         <TopMargin HEIGHT="0" WIDTH="2000" VPOS="0" HPOS="0"/>
         <LeftMargin HEIGHT="2581" WIDTH="0" VPOS="0" HPOS="0"/>
         <RightMargin HEIGHT="2581" WIDTH="0" VPOS="0" HPOS="2000"/>
         <BottomMargin HEIGHT="0" WIDTH="2000" VPOS="2581" HPOS="0"/>
         <PrintSpace HEIGHT="2581" WIDTH="2000" VPOS="0" HPOS="0">
            <TextBlock ID="r1" HEIGHT="2053" WIDTH="1244" VPOS="177" HPOS="447">
               <Shape>
                  <Polygon POINTS="447,177 447,2230 1691,2230 1691,177"/>
               </Shape>
               <TextLine ID="r1l1"
                         BASELINE="508,203 556,204 604,205 652,206 700,207 748,208 796,208 844,209 892,209 940,209 988,210 1036,210 1084,210 1132,210 1180,210 1228,210 1276,210 1324,210 1372,209 1420,209 1468,209"
                         HEIGHT="115"
                         WIDTH="975"
                         VPOS="129"
                         HPOS="501">
                  <String ID="string_r1l1"
                          HEIGHT="115"
                          WIDTH="975"
                          VPOS="129"
                          HPOS="501"
                          CONTENT="Non tamen his precibus divorum flectere numen "/>
               </TextLine>
               <TextLine ID="r1l2"
                         BASELINE="514,270 556,269 599,268 641,268 684,268 726,268 769,269 811,269 854,270 896,271 939,271 981,272 1024,273 1066,273 1109,273 1151,274 1194,274 1236,273 1279,273 1321,272 1364,271"
                         HEIGHT="99"
                         WIDTH="865"
                         VPOS="214"
                         HPOS="506">
                  <String ID="string_r1l2"
                          HEIGHT="99"
                          WIDTH="865"
                          VPOS="214"
                          HPOS="506"
                          CONTENT="Infoelix potuit, terrentia signa futuri"/>
               </TextLine>
               <TextLine ID="r1l3"
                         BASELINE="507,338 557,335 607,333 658,331 708,330 758,330 809,329 859,329 909,330 960,331 1010,332 1060,333 1111,334 1161,336 1211,337 1262,338 1312,340 1362,341 1413,342 1463,343 1514,344"
                         HEIGHT="99"
                         WIDTH="1023"
                         VPOS="276"
                         HPOS="499">
                  <String ID="string_r1l3"
                          HEIGHT="99"
                          WIDTH="1023"
                          VPOS="276"
                          HPOS="499"
                          CONTENT="Accipit, ipsa dea in sacro commota sacello est,"/>
               </TextLine>
               <TextLine ID="r1l4"
                         BASELINE="510,402 559,399 609,397 659,395 709,394 758,392 808,391 858,391 908,390 957,390 1007,390 1057,390 1107,390 1156,391 1206,391 1256,392 1306,392 1355,393 1405,394 1455,395 1505,395"
                         HEIGHT="97"
                         WIDTH="1010"
                         VPOS="345"
                         HPOS="502">
                  <String ID="string_r1l4"
                          HEIGHT="97"
                          WIDTH="1010"
                          VPOS="345"
                          HPOS="502"
                          CONTENT="Concussitque caput talemque negavit amorem. "/>
               </TextLine>
               <TextLine ID="r1l5"
                         BASELINE="507,471 558,467 610,464 661,461 713,459 765,457 816,456 868,454 919,454 971,453 1023,453 1074,453 1126,453 1177,453 1229,453 1281,454 1332,454 1384,454 1435,454 1487,454 1539,454"
                         HEIGHT="89"
                         WIDTH="1047"
                         VPOS="407"
                         HPOS="499">
                  <String ID="string_r1l5"
                          HEIGHT="89"
                          WIDTH="1047"
                          VPOS="407"
                          HPOS="499"
                          CONTENT="Sed non conatus ceptos nec linquit amorem "/>
               </TextLine>
               <TextLine ID="r1l6"
                         BASELINE="505,534 561,529 617,525 673,521 730,518 786,516 842,514 899,513 955,512 1011,512 1068,512 1124,512 1180,513 1236,513 1293,514 1349,515 1405,515 1462,516 1518,516 1574,517 1631,517"
                         HEIGHT="113"
                         WIDTH="1142"
                         VPOS="458"
                         HPOS="497">
                  <String ID="string_r1l6"
                          HEIGHT="113"
                          WIDTH="1142"
                          VPOS="458"
                          HPOS="497"
                          CONTENT="Illicitum ast animo coecus magis aestuat ignis. "/>
               </TextLine>
               <TextLine ID="r1l7"
                         BASELINE="474,595 522,591 571,588 620,584 669,582 718,580 767,578 816,577 865,576 914,575 963,574 1011,574 1060,574 1109,574 1158,574 1207,575 1256,575 1305,576 1354,576 1403,577 1452,578"
                         HEIGHT="102"
                         WIDTH="995"
                         VPOS="525"
                         HPOS="465">
                  <String ID="string_r1l7"
                          HEIGHT="102"
                          WIDTH="995"
                          VPOS="525"
                          HPOS="465"
                          CONTENT="Utque equus effrenis agitur qui dulcia linquit "/>
               </TextLine>
               <TextLine ID="r1l8"
                         BASELINE="507,658 555,653 603,649 651,645 699,642 748,640 796,638 844,637 892,636 940,635 989,635 1037,635 1085,635 1133,636 1181,637 1230,638 1278,639 1326,640 1374,641 1422,642 1471,643"
                         HEIGHT="94"
                         WIDTH="980"
                         VPOS="590"
                         HPOS="499">
                  <String ID="string_r1l8"
                          HEIGHT="94"
                          WIDTH="980"
                          VPOS="590"
                          HPOS="499"
                          CONTENT="Pascua, consuetus iuxta commercia equorum "/>
               </TextLine>
               <TextLine ID="r1l9"
                         BASELINE="500,721 561,715 622,709 683,705 744,702 805,699 866,697 927,696 988,696 1049,696 1110,696 1171,697 1232,698 1293,699 1354,700 1415,701 1476,702 1537,702 1598,702 1659,702"
                         HEIGHT="104"
                         WIDTH="1174"
                         VPOS="628"
                         HPOS="492">
                  <String ID="string_r1l9"
                          HEIGHT="104"
                          WIDTH="1174"
                          VPOS="628"
                          HPOS="492"
                          CONTENT="Ludere, non frena admittit, nec tramite recto "/>
               </TextLine>
               <TextLine ID="line_1615651522003_2880"
                         BASELINE="524,781 551,776 578,773 605,770 632,767 659,765 686,761 713,757 737,755 771,756 805,756 839,756 874,756 908,756 942,756 976,756 1011,755 1045,755 1079,755 1113,754 1148,754 1182,754 1216,753 1250,753 1285,753 1319,753 1353,753 1387,753 1422,754"
                         HEIGHT="97"
                         WIDTH="917"
                         VPOS="703"
                         HPOS="512">
                  <String ID="string_line_1615651522003_2880"
                          HEIGHT="97"
                          WIDTH="917"
                          VPOS="703"
                          HPOS="512"
                          CONTENT="Incedit, levibus semper luctatur habenis. "/>
               </TextLine>
               <TextLine ID="line_1615651541239_2887"
                         BASELINE="519,837 564,832 610,829 655,825 701,823 746,820 792,818 837,817 883,815 928,814 974,814 1019,814 1065,813 1110,813 1156,813 1201,814 1247,814 1292,814 1338,814 1383,814 1429,814 600,798 625,795 651,791 677,790 702,788 728,787 754,786 1045,780 1071,783 1097,783 1123,783 1149,783 1175,786"
                         HEIGHT="104"
                         WIDTH="927"
                         VPOS="756"
                         HPOS="510">
                  <String ID="string_line_1615651541239_2887"
                          HEIGHT="104"
                          WIDTH="927"
                          VPOS="756"
                          HPOS="510"
                          CONTENT="Si vero stimulis instiges fortius illum"/>
               </TextLine>
               <TextLine ID="r1l15"
                         BASELINE="507,896 557,891 608,888 659,884 710,882 760,880 811,878 862,877 913,875 963,875 1014,874 1065,874 1116,875 1166,875 1217,875 1268,876 1319,877 1369,878 1420,878 1471,879 1522,880"
                         HEIGHT="100"
                         WIDTH="1030"
                         VPOS="816"
                         HPOS="500">
                  <String ID="string_r1l15"
                          HEIGHT="100"
                          WIDTH="1030"
                          VPOS="816"
                          HPOS="500"
                          CONTENT="Effertur rabidus, cervicem concutit altam"/>
               </TextLine>
               <TextLine ID="r1l16"
                         BASELINE="511,959 566,954 621,950 677,947 732,943 787,940 843,938 898,936 953,935 1009,934 1064,933 1119,933 1175,934 1230,934 1285,935 1341,937 1396,939 1451,941 1507,944 1562,947 1618,950"
                         HEIGHT="119"
                         WIDTH="1122"
                         VPOS="878"
                         HPOS="504">
                  <String ID="string_r1l16"
                          HEIGHT="119"
                          WIDTH="1122"
                          VPOS="878"
                          HPOS="504"
                          CONTENT="Calcitrat et coelum crebris hinnitibus implens "/>
               </TextLine>
               <TextLine ID="r1l17"
                         BASELINE="527,1018 574,1014 621,1010 669,1007 716,1004 764,1002 811,1001 858,999 906,999 953,998 1001,998 1048,998 1095,999 1143,999 1190,1000 1238,1000 1285,1001 1332,1001 1380,1001 1427,1001 1475,1001"
                         HEIGHT="104"
                         WIDTH="963"
                         VPOS="947"
                         HPOS="519">
                  <String ID="string_r1l17"
                          HEIGHT="104"
                          WIDTH="963"
                          VPOS="947"
                          HPOS="519"
                          CONTENT="Coetus consuetos et dulcia respicit arva. "/>
               </TextLine>
               <TextLine ID="r1l18"
                         BASELINE="519,1079 567,1074 615,1072 664,1068 712,1066 761,1065 809,1063 857,1062 906,1061 954,1061 1003,1061 1051,1061 1099,1061 1148,1061 1196,1062 1245,1062 1293,1062 1341,1062 1390,1062 1438,1062 1487,1062"
                         HEIGHT="91"
                         WIDTH="983"
                         VPOS="1008"
                         HPOS="511">
                  <String ID="string_r1l18"
                          HEIGHT="91"
                          WIDTH="983"
                          VPOS="1008"
                          HPOS="511"
                          CONTENT="Haud aliter coeco mulier commota furore "/>
               </TextLine>
               <TextLine ID="r1l19"
                         BASELINE="509,1148 562,1143 615,1139 668,1135 721,1132 774,1130 827,1128 880,1126 933,1125 986,1124 1040,1123 1093,1123 1146,1122 1199,1122 1252,1122 1305,1122 1358,1121 1411,1121 1464,1120 1517,1119 1571,1118"
                         HEIGHT="110"
                         WIDTH="1077"
                         VPOS="1068"
                         HPOS="501">
                  <String ID="string_r1l19"
                          HEIGHT="110"
                          WIDTH="1077"
                          VPOS="1068"
                          HPOS="501"
                          CONTENT="Aestuat effrenis, nec nunc moderamina curat "/>
               </TextLine>
               <TextLine ID="r1l20"
                         BASELINE="507,1216 558,1210 609,1205 660,1201 711,1197 762,1194 813,1191 864,1189 915,1188 966,1186 1017,1185 1068,1185 1119,1185 1170,1184 1221,1184 1272,1185 1323,1185 1374,1185 1425,1185 1476,1185 1527,1185"
                         HEIGHT="121"
                         WIDTH="1035"
                         VPOS="1126"
                         HPOS="499">
                  <String ID="string_r1l20"
                          HEIGHT="121"
                          WIDTH="1035"
                          VPOS="1126"
                          HPOS="499"
                          CONTENT="Debita, sed laxis hinc inde effertur habenis. "/>
               </TextLine>
               <TextLine ID="r1l21"
                         BASELINE="504,1276 557,1271 611,1268 665,1264 719,1261 773,1258 827,1256 880,1253 934,1251 988,1250 1042,1248 1096,1247 1150,1247 1204,1246 1257,1246 1311,1247 1365,1248 1419,1249 1473,1250 1527,1252 1581,1254"
                         HEIGHT="120"
                         WIDTH="1092"
                         VPOS="1179"
                         HPOS="496">
                  <String ID="string_r1l21"
                          HEIGHT="120"
                          WIDTH="1092"
                          VPOS="1179"
                          HPOS="496"
                          CONTENT="Occurrit ratio prohibet quę crimina tanta, "/>
               </TextLine>
               <TextLine ID="r1l22"
                         BASELINE="511,1340 561,1335 612,1331 663,1328 714,1324 765,1321 815,1318 866,1317 917,1315 968,1313 1019,1312 1069,1312 1120,1311 1171,1311 1222,1311 1273,1311 1323,1311 1374,1311 1425,1311 1476,1311 1527,1311"
                         HEIGHT="108"
                         WIDTH="1030"
                         VPOS="1251"
                         HPOS="503">
                  <String ID="string_r1l22"
                          HEIGHT="108"
                          WIDTH="1030"
                          VPOS="1251"
                          HPOS="503"
                          CONTENT="Ast alium coeco nutrit sub corde dolorem "/>
               </TextLine>
               <TextLine ID="r1l23"
                         BASELINE="522,1401 573,1396 624,1391 675,1387 727,1384 778,1380 829,1378 880,1376 932,1374 983,1373 1034,1372 1085,1371 1137,1371 1188,1371 1239,1372 1290,1372 1342,1373 1393,1374 1444,1375 1495,1376 1547,1377"
                         HEIGHT="133"
                         WIDTH="1041"
                         VPOS="1302"
                         HPOS="514">
                  <String ID="string_r1l23"
                          HEIGHT="133"
                          WIDTH="1041"
                          VPOS="1302"
                          HPOS="514"
                          CONTENT="Immensum, durum, crudelem, quique rebellis "/>
               </TextLine>
               <TextLine ID="r1l24"
                         BASELINE="509,1466 562,1460 615,1454 669,1448 722,1444 776,1441 829,1438 882,1436 936,1435 989,1434 1043,1434 1096,1434 1149,1434 1203,1435 1256,1436 1310,1437 1363,1437 1416,1438 1470,1439 1523,1440 1577,1441"
                         HEIGHT="100"
                         WIDTH="1084"
                         VPOS="1390"
                         HPOS="501">
                  <String ID="string_r1l24"
                          HEIGHT="100"
                          WIDTH="1084"
                          VPOS="1390"
                          HPOS="501"
                          CONTENT="Non aliud recipit, si non moderamen amoris."/>
               </TextLine>
               <TextLine ID="r1l25"
                         BASELINE="462,1530 518,1524 574,1519 631,1514 687,1510 744,1507 800,1504 857,1502 913,1499 970,1498 1026,1497 1082,1496 1139,1496 1195,1497 1252,1497 1308,1498 1365,1500 1421,1502 1478,1504 1534,1507 1591,1510"
                         HEIGHT="112"
                         WIDTH="1144"
                         VPOS="1448"
                         HPOS="454">
                  <String ID="string_r1l25"
                          HEIGHT="112"
                          WIDTH="1144"
                          VPOS="1448"
                          HPOS="454"
                          CONTENT="Stulta quid hęc ( dicit ) curas, vanosque timores "/>
               </TextLine>
               <TextLine ID="r1l26"
                         BASELINE="515,1587 573,1582 632,1577 691,1574 750,1571 809,1568 867,1566 926,1564 985,1563 1044,1563 1103,1563 1161,1563 1220,1564 1279,1565 1338,1566 1397,1568 1455,1570 1514,1572 1573,1575 1632,1577 1691,1580"
                         HEIGHT="121"
                         WIDTH="1191"
                         VPOS="1497"
                         HPOS="508">
                  <String ID="string_r1l26"
                          HEIGHT="121"
                          WIDTH="1191"
                          VPOS="1497"
                          HPOS="508"
                          CONTENT="Concipis? an frustra hęc te nunc cępisse iuvabit? "/>
               </TextLine>
               <TextLine ID="r1l27"
                         BASELINE="522,1649 572,1643 623,1639 673,1634 724,1631 775,1629 825,1627 876,1625 927,1624 977,1624 1028,1624 1079,1624 1129,1625 1180,1626 1231,1627 1281,1628 1332,1630 1383,1631 1433,1632 1484,1632 1535,1633"
                         HEIGHT="106"
                         WIDTH="1029"
                         VPOS="1578"
                         HPOS="514">
                  <String ID="string_r1l27"
                          HEIGHT="106"
                          WIDTH="1029"
                          VPOS="1578"
                          HPOS="514"
                          CONTENT="Pergendum certe, ceptum finire laborem "/>
               </TextLine>
               <TextLine ID="r1l28"
                         BASELINE="522,1703 578,1699 634,1696 690,1693 746,1691 802,1689 858,1687 914,1687 970,1686 1026,1686 1083,1687 1139,1688 1195,1689 1251,1691 1307,1694 1363,1697 1419,1699 1475,1703 1531,1707 1587,1711 1644,1716"
                         HEIGHT="113"
                         WIDTH="1137"
                         VPOS="1630"
                         HPOS="515">
                  <String ID="string_r1l28"
                          HEIGHT="113"
                          WIDTH="1137"
                          VPOS="1630"
                          HPOS="515"
                          CONTENT="Nunc satius fuerit, medio quam absistere fine"/>
               </TextLine>
               <TextLine ID="r1l29"
                         BASELINE="517,1768 572,1763 628,1759 684,1756 740,1754 796,1752 852,1751 907,1750 963,1750 1019,1751 1075,1751 1131,1753 1187,1754 1243,1755 1298,1757 1354,1759 1410,1761 1466,1763 1522,1764 1578,1766 1634,1767"
                         HEIGHT="110"
                         WIDTH="1132"
                         VPOS="1690"
                         HPOS="510">
                  <String ID="string_r1l29"
                          HEIGHT="110"
                          WIDTH="1132"
                          VPOS="1690"
                          HPOS="510"
                          CONTENT="Audendum est aliquid fortisque audacia rebus "/>
               </TextLine>
               <TextLine ID="r1l30"
                         BASELINE="507,1835 566,1829 625,1824 684,1821 743,1818 803,1816 862,1815 921,1814 980,1814 1039,1815 1099,1816 1158,1817 1217,1819 1276,1821 1335,1822 1395,1824 1454,1826 1513,1827 1572,1828 1631,1829 1691,1829"
                         HEIGHT="118"
                         WIDTH="1200"
                         VPOS="1748"
                         HPOS="499">
                  <String ID="string_r1l30"
                          HEIGHT="118"
                          WIDTH="1200"
                          VPOS="1748"
                          HPOS="499"
                          CONTENT="Adsit, non timidos Veneris bona munia ducunt.  "/>
               </TextLine>
               <TextLine ID="r1l31"
                         BASELINE="515,1899 576,1893 637,1887 698,1883 759,1881 820,1879 881,1878 942,1877 1003,1878 1064,1879 1125,1880 1186,1882 1247,1884 1308,1886 1369,1888 1430,1890 1491,1891 1552,1893 1613,1894 1674,1894"
                         HEIGHT="104"
                         WIDTH="1173"
                         VPOS="1826"
                         HPOS="508">
                  <String ID="string_r1l31"
                          HEIGHT="104"
                          WIDTH="1173"
                          VPOS="1826"
                          HPOS="508"
                          CONTENT="Sit tibi nunc virtus praestans, sit spiritus acer"/>
               </TextLine>
               <TextLine ID="r1l32"
                         BASELINE="510,1963 561,1959 613,1955 664,1952 716,1950 768,1947 819,1946 871,1945 922,1944 974,1944 1026,1944 1077,1945 1129,1945 1180,1946 1232,1948 1284,1949 1335,1950 1387,1952 1438,1954 1490,1956 1542,1958"
                         HEIGHT="113"
                         WIDTH="1047"
                         VPOS="1893"
                         HPOS="503">
                  <String ID="string_r1l32"
                          HEIGHT="113"
                          WIDTH="1047"
                          VPOS="1893"
                          HPOS="503"
                          CONTENT="Necque amor hic saevus lęto tibi fine carebit. "/>
               </TextLine>
               <TextLine ID="r1l33"
                         BASELINE="447,2036 504,2031 562,2026 620,2022 678,2019 736,2017 794,2015 851,2014 909,2014 967,2014 1025,2014 1083,2015 1141,2017 1199,2018 1256,2020 1314,2022 1372,2025 1430,2027 1488,2029 1546,2032 1604,2034"
                         HEIGHT="108"
                         WIDTH="1173"
                         VPOS="1955"
                         HPOS="439">
                  <String ID="string_r1l33"
                          HEIGHT="108"
                          WIDTH="1173"
                          VPOS="1955"
                          HPOS="439"
                          CONTENT="Dixit et hęc constans animo sententia sedit "/>
               </TextLine>
               <TextLine ID="r1l34"
                         BASELINE="520,2093 571,2088 623,2083 674,2080 726,2078 778,2076 829,2075 881,2075 932,2075 984,2076 1036,2077 1087,2078 1139,2080 1190,2082 1242,2084 1294,2086 1345,2087 1397,2089 1448,2090 1500,2091 1552,2091"
                         HEIGHT="89"
                         WIDTH="1046"
                         VPOS="2026"
                         HPOS="513">
                  <String ID="string_r1l34"
                          HEIGHT="89"
                          WIDTH="1046"
                          VPOS="2026"
                          HPOS="513"
                          CONTENT="Continuare nefas et duro cedere amori. "/>
               </TextLine>
               <TextLine ID="r1l35"
                         BASELINE="509,2153 562,2149 615,2146 668,2143 721,2140 774,2139 827,2137 880,2137 933,2137 986,2137 1040,2138 1093,2139 1146,2140 1199,2141 1252,2143 1305,2144 1358,2146 1411,2148 1464,2149 1517,2151 1571,2152"
                         HEIGHT="100"
                         WIDTH="1077"
                         VPOS="2083"
                         HPOS="502">
                  <String ID="string_r1l35"
                          HEIGHT="100"
                          WIDTH="1077"
                          VPOS="2083"
                          HPOS="502"
                          CONTENT="Hinc habitus rursum regales accipit illa,"/>
               </TextLine>
               <TextLine ID="r1l36"
                         BASELINE="502,2217 558,2213 614,2210 670,2207 726,2205 782,2203 838,2202 894,2201 950,2201 1006,2201 1062,2201 1118,2202 1174,2203 1230,2204 1286,2205 1342,2207 1398,2209 1454,2210 1510,2212 1566,2214 1622,2216"
                         HEIGHT="117"
                         WIDTH="1135"
                         VPOS="2145"
                         HPOS="494">
                  <String ID="string_r1l36"
                          HEIGHT="117"
                          WIDTH="1135"
                          VPOS="2145"
                          HPOS="494"
                          CONTENT="Et corpus gemmis splendentibus ornat et auro"/>
               </TextLine>
            </TextBlock>
         </PrintSpace>
      </Page>
   </Layout>
</alto>
