2000 2581
657 113 349 78 IOSEPHO

291 147 1055 129 Quid de te Memphis quid de te Putiphar ipse,

359 241 881 104 Quid de te poterit regia tota loqui.

309 292 939 113 Ut vitę parcat coniux, infamis et exul

374 356 884 110 Uxor quę nunc es regia, turpis eris.

275 424 985 108 Talia necquicquam tacito sub pectore volvens

352 499 908 93 Sępius insomnis tempore noctis eram.

299 554 1181 120 Cumque hęc me miseram trepidanti pectore terrent,

336 626 1009 104 Fortior hinc animus spe meliore venit.

285 675 1157 123 Quid dubitas aegram blando proponere mentem?

359 752 987 101 Quin pellis vanos pectore stulta metus?

304 803 1011 120 Crede mihi non est durum sub corpore molli

348 877 950 111 Pectus, sed membris conveniensque suis.

301 937 992 113 Ah mihi quam blando demittit lumina vultu,

347 1004 820 109 Quam pellax illi gratia in ore sedet.

293 1064 1116 116 Hocne putas animum contectum corpore agrestem?

350 1132 1022 121 Huncne putas placidum tristia posse loqui?

307 1204 994 111 Quin age formosi pectus tentabis amicum,

351 1267 1029 100 Cum prece cum lachrymis dulcia verba feras.

280 1324 1061 117 Flectes, ne dubita, iuvenis mutabile pectus

344 1394 1103 106 Nam placidam mentem mollia membra notant.

298 1451 1082 130 Tu quoque cura Iovis nostrę dea maxima gentis

348 1526 856 101 O faveas votis Inachi sancta meis.

306 1587 1001 93 Talia, crede mihi, lugenti corde volutans

347 1648 940 108 Blandior infoelix spe meliore mihi.

274 1834 1114 137 Illa dies nocuit qua te modo Putiphar emptum

347 1922 956 99 Servum regalem fecit adire domum.

284 1965 1133 124 Intrabas ( memini ) veluti cum lucifer ortus

338 2048 899 120 Opposuit luci nubila parva suae.
