2000 2581
817 131 328 88 MOSES

442 191 975 113 Scilicet hęc iuncta est semper fortuna maritis,

502 264 1059 112 Gaudia pauca vident, tristia multa ferunt.

444 339 907 105 Si te iura granis terrebat duraque fata

489 408 770 97 Debebas viduo sola fuisse thoro.

451 475 1126 104 Quid nam sperabas dulci mihi foedere iuncta?

516 555 903 91 Tristia credebas nulla ferenda tibi?

464 623 1018 110 Hei mihi non hęc est lecti fortuna iugalis

526 691 969 114 Ut nihil adversum, nulla pericla ferant.

463 763 1025 108 Tune viros vestri credis causam esse doloris?

501 833 972 114 Altera ( nunc audi ) causa doloris adest.

476 907 1148 128 Quis genus humanum male sanus perdidit error?

506 983 922 100 An non foeminea contigit ille manu?

460 1055 1036 108 Nonne Dei legem semper sinde fraude colendam

517 1114 970 119 Audaci sprevit foemina prima manu?

462 1190 1178 133 Hinc veniunt curae, lachrymae iugesque labores,

520 1273 1042 114 Hinc vos qui cruciat partus acerbus adest.

465 1331 1067 131 Hinc mala connubii prodit fortuna iugalis,

519 1420 1059 118 Hinc hominum vario corda dolore gemunt.

466 1496 1100 136 Desine nunc igitur, quod vestri iniuria sexus

505 1555 972 139 Efficit, in miseros velle referre viros.

464 1644 1171 111 Cur tibi sanguineus coniux? cur saevus habebar?

512 1707 1046 117 Cum tibi sancta esset lex veneranda Dei?

480 1783 1054 129 Num tantum cęsae potuit te portio pellis

513 1856 990 128 Pellere ut hinc velles deseruisse virum?

461 1930 1068 120 Ah non illa decet vestri inconstantia sexus,

512 2004 852 111 Sunt tua maiori corda tuenda fide.

468 2084 1079 121 Tunc imitanda tibi fuerant quae sępius ante
