2000 2581
546 179 616 113 SEPHORA MOSI

273 288 814 107 Sic ubi dilecto fuerit viduata sodale

329 355 1026 104 Fronde sub arborea moesta columba gemit.

288 425 1072 99 An nisi legisses prima mea nomina fronte

344 486 1013 117 Hoc breve non nosses unde veniret opus?

279 553 1013 113 Ocia si fuerint commissas ponere curas,

355 635 857 101 Uxoris legito scripta notata manu.

293 699 956 123 Accipe quae mitto muliebris symbola curae,

353 766 938 131 Sic rogo sint ceptis prospera fata tuis.

308 842 1035 113 Quid tamen incipiam maiori corda dolore

330 907 1036 136 Deprimor, hęc verbis quam cecinisse queam.

303 981 1099 131 Scilicet heu patriis domibus tibi nupta relinquor,

353 1055 963 112 Ut solet in viduo foemina moesta thoro.

302 1120 1087 115 Nona reformatae iam fulgent cornua Phoebes,

337 1207 1052 110 Nec tamen ipse redis nec tua scripta mihi.

320 1283 1121 120 Quid mihi profuerat non una prole parentem

358 1355 855 111 Te patre delitias progenuisse meas?

305 1426 1148 104 Si nunc lentus abes, nec te promissa reducunt

338 1490 1032 121 Numina, nec nostri tradita dextra thori.

315 1552 1025 123 Ipsa colo Madian calido qua sydere Cancer

361 1626 961 130 Aestuat et tingit membra colore nigro.

312 1709 940 102 At tu Niliacis lętus versaris in oris

350 1771 798 119 Isacides inter Isacidumque nurus.

312 1835 1170 155 Nunc te delectat quae quondam terra fugavit,

349 1921 992 122 Dum peteres profugo patria tecta pede.

320 1984 1111 137 Gens retinet te nunc quondam tibi causa pericli,

365 2072 1029 119 Ah nimis in curas gens generata meas.
