2000 2581
835 129 460 98 BETHSABA

446 169 1072 138 Hoc ego te lachrymans oro, quae munera vitae

516 268 917 114 Concessi, per te vivere ut ipsa queam.

452 340 1171 112 Nam si me miseram ( quod nolim ) spernere pergas

508 407 991 109 Ad mortem fuerit non mora longa meam.

448 472 1040 136 Aspicias opto quę sit mihi forma colorque,

523 566 978 114 Ante tibi visam me prius esse neges.

429 635 1147 119 Occupat os macies crepitans in corpore pallor

539 706 1116 109 Vix sinit ut tristis languida membra traham.

350 778 1245 120 Et crebrę lachrymę timor et spes cura perennis

506 856 915 125 Deturpant faciem nocte dieque meam.

459 916 1185 143 Quare si incolumem, si me vis vivere David,

531 1002 952 130 Polliciti teneam fac sacra iura thori.

460 1084 1110 139 Aspice candenti quae sunt mihi scripta papyro

528 1157 933 116 Una sed lachrymas aspice quaeso meas.

458 1215 1112 157 Sic tibi sit regnum foelix, sic tempore longo

522 1308 1018 142 Aspiciens natos tradita sceptra regas.

705 1416 800 78 BETHSABA DAVIDI.

439 1523 1060 136 Cum viduata suo fuerit pia compare turtur

517 1611 913 121 Frondibus aëriis sic sua fata gemit

486 1683 882 130 Sicut ego amisso dilecto coniuge ploro

524 1755 922 136 O princeps patriae duxque paterque tuae.

472 1842 1080 122 Hei mihi quid faciam? quo nunc mea littera luctu

523 1921 803 103 Incipiet fati damna referre mei?

489 1989 1149 122 Nam mihi si centum linguas natura dedisset,

546 2061 1043 135 Non tamen his possem dicere quanta feram.

1561 2147 124 79 Sicut
