2000 2581
543 103 840 124 At postquam sano collegit pectore vires

605 172 860 104 Servatum Domini se videt esse manu.

526 241 924 99 Et meritas grato meditatur pectore laudes

583 299 791 105 Et tali grates reddidit ore Deo.

191 369 1093 195 〈 Carmen Ionę soterion 〉 Ad coeli Dominum vocem clamare levavi

588 443 939 124 Et petii promptam vix bene sanus opem.

569 515 1067 121 Undique cum starent trepidanda pericula circum

584 587 958 119 Nulla ut spes vitae posset adesse mihi.

559 658 952 127 En miser oravi tristi conclusus averno

611 724 864 121 Et domini sensi praevaluisse manus.

543 779 1036 141 Me miserum quoties quae sunt mihi facta recordor

622 875 889 111 Vix credo, quorum pars tamen ipse fui.

559 932 1112 135 In mare proiector vastum, circumdatus undis

636 1003 993 141 Undique, quo potui cernere, pontus erat.

565 1075 1083 141 Nec modo pontus erat, sed sęvi bellua ponti,

628 1152 947 128 Hospitium patulo quae mihi ventre dedit.

549 1228 999 128 Hei quoties salsos spiranti gutture fluctus

600 1295 1007 135 Hausimus et pressit vasta procella caput?

556 1379 1059 128 Sępius in dubio non me sum vivere rātus,

620 1435 965 148 Immemorem nostri saepę ego credo DEUM.

549 1508 1166 138 En tamen ereptus sanctissima sacra revisens

644 1598 892 132 Te prius assueta mox pietate colam.

569 1655 1227 159 Nempe volubilibus tristis cum mergerer undis

607 1753 1064 122 Et salsas traherem gutture mersus aquas.

563 1816 1056 140 Infima sublimis vidi fundamina mundi,

627 1883 987 120 Ut medio iaceat terra relicta mari.

561 1962 1037 141 Hinc tamen eduxit, qui me deduxerat illuc

450 2036 1125 153 „ Perdere qui potuit quippe iuvare potest.
