2000 2581
843 102 453 85 BETHSABA

428 148 1160 153 Tu modo ne miseram spernas quam dulce parentis

514 253 891 110 Infaustam per te nomen habere facis.

454 328 921 116 Non ego dedignor regi inservire potenti

497 406 1074 111 Dum tua sim tantum quodlibet esse feram.

437 468 1096 124 Quod si nolueris tristem miseramque fovere,

514 559 997 101 Hei longa hinc fati non erit hora mei.

448 622 951 121 Forsitan et luctu mater confecta puerque

517 708 977 114 Hei nondum natus flebile funus erit.

450 778 1062 114 Cur etenim vivam sancto privata pudore,

505 859 918 112 Et quo grata mihi coniuge vita fuit?

451 929 1305 123 O, videas utinam scribentis pallida membra,

518 985 1144 138 Scribimus et lachrymae moesta per ora fluunt.

439 1083 1139 123 Quare si qua meae fuerit modo gratia vitae

520 1173 928 100 Te penes et grati cura parentis erit.

449 1236 1026 96 O, miserere mei, nati miserere tenelli,

514 1300 1062 120 Officium poscit nomen utrumque tuum.

466 1356 1238 145 Hoc vidua ipsa peto viduae tibi debeo nomen

510 1452 1032 117 Et petit in matris corpore clausus idem.

460 1528 1189 123 Funere me miseram defende et funere natum

519 1589 908 123 Eripe, si merito nomina patris habes.

455 1661 1239 134 Sic tibi pugnando devictus serviat hostis,

512 1731 1033 142 Sic cadat auspiciis diruta Rabba tuis.

475 1830 1146 133 Si tamen ipse negas miseram defendere matrem,

520 1891 949 139 Accedent vitae tempora pauca meae.

465 1978 1162 131 Atque pudore carens non coniux scribar Uriae,

513 2059 1203 131 Hoc tamen in tumuli marmore carmen erit.
