2000 2581
270 124 1081 118 Nunc faciem pulchram bene olentis lavit aquai

278 202 983 99 Limphis atque novos faciei stulta colores

272 268 963 103 Induit, et flavos ornat nectitque capillos.

269 335 1039 102 O quoties habitus mutat quo possit amatum

267 395 1044 91 Illicere infoelix iuvenem atque insigne movere

282 458 1004 104 Ingenium, atque animo curam depellere recti.

275 508 1048 112 Hinc vittam capiti imponit radiantibus alte

275 579 1028 107 Insignem gemmis capitis gestamen honesti

268 628 1014 115 Et peplum lucenti auro qui fulget et ostro,

286 696 1035 105 Induit et summam connectit fibula vestem.

280 762 1092 109 Hinc fingit placidos mores et ducere gressus

272 821 1023 102 Conatur molles, ut sit sua forma decori.

275 881 1190 117 Colligit hinc tunicas, collectas tendit in altum,

273 944 1120 113 Atque superba studet totum ut compareat aurum.

278 1005 1102 102 Hinc thalamos linquit celsos ornata micanti

280 1068 1089 98 Auro, resplendent peregrinis omnia gemmis.

283 1124 1016 106 Ut Veneris vitreo surgens ex aequore stella

281 1188 1103 97 Ardentes radios mittit, tum lumine cunctas

277 1251 1020 105 Precellit stellas et splendida sydera coeli.

272 1316 1142 99 Sic etiam thalamos linquens induta micantes

264 1379 969 108 Āmictus, omnes habitu praecellit et ore.

274 1442 1082 117 Blanditias capitis praefert mollemque decorem,

262 1506 1117 96 Et stillat placidum molli de lumine amorem.

274 1572 1132 107 Sed timet interdum ne quis sua corpora foedet

276 1636 999 101 Vestitus turpis, cupidoque obsistat amori.

268 1699 1170 122 Nunc format voces blandas, dulcesque loquelas

260 1764 1041 105 Effingit, iuvenis quae possint corda movere.

186 1804 1031 135 Ecce autem iuvenis venienti occurris Ioseph

263 1892 1082 124 Inscie, nec nosti quę nunc tibi fata parata.

280 1954 947 115 Ut pueri faciem coniunx aspexit herilis

260 2021 992 112 Exarsit subito miserae vęhementior ignis

267 2080 1151 101 Nec quid agat novit, trepidat sed corpore toto

260 2132 1040 119 Et facies rubeo pulchra est offusa pudore.
