<?xml version="1.0" encoding="UTF-8"?>
<alto xmlns:xsi="http://www.w3.org/2001/XMLSchema-instance"
      xmlns="http://www.loc.gov/standards/alto/ns-v4#"
      xmlns:page="http://schema.primaresearch.org/PAGE/gts/pagecontent/2013-07-15"
      xsi:schemaLocation="http://www.loc.gov/standards/alto/ns-v4# https://www.loc.gov/standards/alto/v4/alto.xsd">
   <Description>
      <MeasurementUnit>pixel</MeasurementUnit>
      <OCRProcessing ID="IdOcr">
         <ocrProcessingStep>
            <processingDateTime>2021-05-22T12:10:53.794+02:00</processingDateTime>
            <processingSoftware>
               <softwareCreator>READ COOP</softwareCreator>
               <softwareName>Transkribus</softwareName>
            </processingSoftware>
         </ocrProcessingStep>
      </OCRProcessing>
   </Description>
   <Layout>
      <Page ID="Page1" PHYSICAL_IMG_NR="1" HEIGHT="2581" WIDTH="2000">
         <TopMargin HEIGHT="0" WIDTH="2000" VPOS="0" HPOS="0"/>
         <LeftMargin HEIGHT="2581" WIDTH="0" VPOS="0" HPOS="0"/>
         <RightMargin HEIGHT="2581" WIDTH="0" VPOS="0" HPOS="2000"/>
         <BottomMargin HEIGHT="0" WIDTH="2000" VPOS="2581" HPOS="0"/>
         <PrintSpace HEIGHT="2581" WIDTH="2000" VPOS="0" HPOS="0">
            <TextBlock ID="r1" HEIGHT="2057" WIDTH="1197" VPOS="157" HPOS="251">
               <Shape>
                  <Polygon POINTS="251,157 251,2214 1448,2214 1448,157"/>
               </Shape>
               <TextLine ID="r1l1"
                         BASELINE="664,188 690,186 716,185 742,185 769,185 795,187 821,187 847,188 874,189 900,189 926,189 952,189 979,187"
                         HEIGHT="109"
                         WIDTH="331"
                         VPOS="121"
                         HPOS="656">
                  <String ID="string_r1l1"
                          HEIGHT="109"
                          WIDTH="331"
                          VPOS="121"
                          HPOS="656"
                          CONTENT="DAVIDI"/>
               </TextLine>
               <TextLine ID="r1l2"
                         BASELINE="318,249 365,247 412,246 459,245 507,244 554,244 601,245 649,245 696,246 743,247 791,248 838,249 885,250 932,251 980,252 1027,253 1074,253 1122,253 1169,254 1216,253 1264,253"
                         HEIGHT="117"
                         WIDTH="962"
                         VPOS="187"
                         HPOS="311">
                  <String ID="string_r1l2"
                          HEIGHT="117"
                          WIDTH="962"
                          VPOS="187"
                          HPOS="311"
                          CONTENT="Et qui me miseram vexat, inultus erit?"/>
               </TextLine>
               <TextLine ID="r1l3"
                         BASELINE="253,327 302,324 351,323 401,321 450,319 500,319 549,318 599,318 648,318 698,319 747,319 796,320 846,321 895,322 945,324 994,325 1044,326 1093,327 1143,329 1192,330 1242,331"
                         HEIGHT="116"
                         WIDTH="1004"
                         VPOS="263"
                         HPOS="246">
                  <String ID="string_r1l3"
                          HEIGHT="116"
                          WIDTH="1004"
                          VPOS="263"
                          HPOS="246"
                          CONTENT="Hei data sum quia sic fuerat sententia patris"/>
               </TextLine>
               <TextLine ID="r1l4"
                         BASELINE="316,396 361,395 406,394 451,394 496,394 541,395 586,395 631,396 676,397 721,398 766,399 811,400 856,401 901,402 946,403 991,404 1036,404 1081,404 1126,404 1171,404 1216,403"
                         HEIGHT="102"
                         WIDTH="916"
                         VPOS="343"
                         HPOS="308">
                  <String ID="string_r1l4"
                          HEIGHT="102"
                          WIDTH="916"
                          VPOS="343"
                          HPOS="308"
                          CONTENT="Diversum frater, mater et ipsa fui."/>
               </TextLine>
               <TextLine ID="r1l5"
                         BASELINE="265,469 315,468 366,466 416,466 467,465 518,464 568,464 619,464 670,464 720,465 771,465 822,466 872,467 923,468 974,469 1024,471 1075,472 1126,474 1176,475 1227,477 1278,478"
                         HEIGHT="129"
                         WIDTH="1029"
                         VPOS="395"
                         HPOS="257">
                  <String ID="string_r1l5"
                          HEIGHT="129"
                          WIDTH="1029"
                          VPOS="395"
                          HPOS="257"
                          CONTENT="Quid cessas igitur? quid nos tam tempore longo"/>
               </TextLine>
               <TextLine ID="r1l6"
                         BASELINE="315,544 363,540 412,538 461,536 510,534 558,533 607,533 656,533 705,533 753,533 802,534 851,535 900,536 948,537 997,538 1046,539 1095,540 1143,541 1192,541 1241,542 1290,542"
                         HEIGHT="105"
                         WIDTH="989"
                         VPOS="475"
                         HPOS="308">
                  <String ID="string_r1l6"
                          HEIGHT="105"
                          WIDTH="989"
                          VPOS="475"
                          HPOS="308"
                          CONTENT="Distrahis? o animę maxima cura meae."/>
               </TextLine>
               <TextLine ID="r1l7"
                         BASELINE="262,613 315,610 369,607 423,606 477,604 531,603 585,602 638,602 692,602 746,602 800,603 854,603 908,604 962,604 1015,605 1069,606 1123,606 1177,606 1231,607 1285,606 1339,606"
                         HEIGHT="133"
                         WIDTH="1091"
                         VPOS="527"
                         HPOS="255">
                  <String ID="string_r1l7"
                          HEIGHT="133"
                          WIDTH="1091"
                          VPOS="527"
                          HPOS="255"
                          CONTENT="In tua iura veni: si te pia numina tangunt"/>
               </TextLine>
               <TextLine ID="r1l8"
                         BASELINE="336,679 385,676 435,674 485,673 535,672 584,671 634,670 684,670 734,670 783,670 833,671 883,671 933,672 982,673 1032,674 1082,675 1132,676 1181,677 1231,678 1281,678 1331,679"
                         HEIGHT="99"
                         WIDTH="1010"
                         VPOS="624"
                         HPOS="328">
                  <String ID="string_r1l8"
                          HEIGHT="99"
                          WIDTH="1010"
                          VPOS="624"
                          HPOS="328"
                          CONTENT="Quę nos iunxerunt, in tua iura veni."/>
               </TextLine>
               <TextLine ID="r1l9"
                         BASELINE="270,752 328,749 387,747 446,745 505,743 564,742 623,742 682,742 741,743 800,743 859,745 917,746 976,747 1035,748 1094,749 1153,751 1212,752 1271,753 1330,754 1389,754 1448,754"
                         HEIGHT="106"
                         WIDTH="1194"
                         VPOS="690"
                         HPOS="262">
                  <String ID="string_r1l9"
                          HEIGHT="106"
                          WIDTH="1194"
                          VPOS="690"
                          HPOS="262"
                          CONTENT="Qui poteras exul captas reparare puellas"/>
               </TextLine>
               <TextLine ID="r1l10"
                         BASELINE="345,828 393,824 441,821 489,818 537,816 585,814 633,814 681,814 729,814 777,815 825,816 873,817 921,818 969,819 1017,820 1065,821 1113,822 1161,823 1209,823 1257,823 1305,822"
                         HEIGHT="115"
                         WIDTH="976"
                         VPOS="751"
                         HPOS="337">
                  <String ID="string_r1l10"
                          HEIGHT="115"
                          WIDTH="976"
                          VPOS="751"
                          HPOS="337"
                          CONTENT="Cum raperet nostras barbara turba nurus"/>
               </TextLine>
               <TextLine ID="r1l11"
                         BASELINE="281,895 333,893 386,891 439,890 492,889 544,889 597,888 650,888 703,888 755,888 808,888 861,889 914,889 966,889 1019,890 1072,891 1125,891 1177,892 1230,893 1283,893 1336,894"
                         HEIGHT="118"
                         WIDTH="1070"
                         VPOS="828"
                         HPOS="274">
                  <String ID="string_r1l11"
                          HEIGHT="118"
                          WIDTH="1070"
                          VPOS="828"
                          HPOS="274"
                          CONTENT="Nunc victor solio, sceptris regnisque potitus"/>
               </TextLine>
               <TextLine ID="line_1615540500817_5397"
                         BASELINE="336,981 383,976 430,971 477,968 524,965 571,963 618,962 666,962 713,962 760,963 807,964 854,965 901,966 948,967 996,969 1043,970 1090,971 1137,971 1184,971 1231,971 1279,970 365,931 392,931 420,930 447,930 475,929 502,929 530,928 558,928 891,920 916,918 941,918 966,919 991,921 1016,924 1041,926 1066,927 1091,927 1116,925"
                         HEIGHT="128"
                         WIDTH="958"
                         VPOS="889"
                         HPOS="329">
                  <String ID="string_line_1615540500817_5397"
                          HEIGHT="128"
                          WIDTH="958"
                          VPOS="889"
                          HPOS="329"
                          CONTENT="Non potes in thalamos me rapuisse tuos?"/>
               </TextLine>
               <TextLine ID="r1l15"
                         BASELINE="271,1052 329,1049 388,1046 447,1044 505,1042 564,1041 623,1040 681,1040 740,1040 799,1040 858,1041 916,1041 975,1043 1034,1044 1092,1045 1151,1046 1210,1048 1268,1049 1327,1050 1386,1051 1445,1052"
                         HEIGHT="127"
                         WIDTH="1190"
                         VPOS="977"
                         HPOS="263">
                  <String ID="string_r1l15"
                          HEIGHT="127"
                          WIDTH="1190"
                          VPOS="977"
                          HPOS="263"
                          CONTENT="Quid Ioab immani genus atterit ense paternum?"/>
               </TextLine>
               <TextLine ID="r1l16"
                         BASELINE="347,1123 399,1119 451,1116 504,1113 556,1111 609,1110 661,1110 714,1110 766,1110 819,1111 871,1112 923,1113 976,1115 1028,1116 1081,1118 1133,1119 1186,1121 1238,1122 1291,1124 1343,1125 1396,1125"
                         HEIGHT="148"
                         WIDTH="1065"
                         VPOS="1039"
                         HPOS="339">
                  <String ID="string_r1l16"
                          HEIGHT="148"
                          WIDTH="1065"
                          VPOS="1039"
                          HPOS="339"
                          CONTENT="Quin mage pro nobis arma cruenta gerit?"/>
               </TextLine>
               <TextLine ID="r1l17"
                         BASELINE="251,1188 309,1188 368,1187 426,1187 485,1186 543,1186 602,1186 660,1186 719,1187 777,1187 836,1188 895,1189 953,1190 1012,1191 1070,1193 1129,1195 1187,1197 1246,1200 1304,1203 1363,1206 1422,1209"
                         HEIGHT="132"
                         WIDTH="1186"
                         VPOS="1112"
                         HPOS="244">
                  <String ID="string_r1l17"
                          HEIGHT="132"
                          WIDTH="1186"
                          VPOS="1112"
                          HPOS="244"
                          CONTENT="Quid tamen arma gerat? pro nobis milite multo"/>
               </TextLine>
               <TextLine ID="r1l18"
                         BASELINE="340,1263 390,1259 440,1257 490,1255 540,1254 590,1254 640,1254 690,1255 740,1256 790,1258 840,1259 890,1262 940,1264 990,1266 1040,1268 1090,1271 1140,1272 1190,1274 1240,1276 1290,1277 1340,1278"
                         HEIGHT="127"
                         WIDTH="1015"
                         VPOS="1181"
                         HPOS="333">
                  <String ID="string_r1l18"
                          HEIGHT="127"
                          WIDTH="1015"
                          VPOS="1181"
                          HPOS="333"
                          CONTENT="Non opus est, qui me liberet, unus erit."/>
               </TextLine>
               <TextLine ID="r1l19"
                         BASELINE="274,1335 330,1332 386,1330 442,1329 498,1328 554,1327 610,1327 667,1328 723,1329 779,1330 835,1331 891,1333 947,1335 1003,1338 1060,1340 1116,1343 1172,1346 1228,1349 1284,1351 1340,1354 1397,1358"
                         HEIGHT="137"
                         WIDTH="1138"
                         VPOS="1251"
                         HPOS="267">
                  <String ID="string_r1l19"
                          HEIGHT="137"
                          WIDTH="1138"
                          VPOS="1251"
                          HPOS="267"
                          CONTENT="Me tibi coniungas, regnum tibi iunxeris omne"/>
               </TextLine>
               <TextLine ID="r1l20"
                         BASELINE="326,1405 375,1404 425,1403 475,1403 525,1403 575,1403 624,1404 674,1405 724,1406 774,1407 824,1408 873,1410 923,1412 973,1414 1023,1416 1073,1418 1122,1420 1172,1423 1222,1425 1272,1428 1322,1431"
                         HEIGHT="140"
                         WIDTH="1012"
                         VPOS="1339"
                         HPOS="319">
                  <String ID="string_r1l20"
                          HEIGHT="140"
                          WIDTH="1012"
                          VPOS="1339"
                          HPOS="319"
                          CONTENT="Nam poterit coram fratre valere soror."/>
               </TextLine>
               <TextLine ID="r1l21"
                         BASELINE="276,1486 327,1482 378,1479 429,1477 480,1476 531,1475 582,1475 633,1476 684,1478 735,1480 787,1482 838,1485 889,1487 940,1491 991,1493 1042,1497 1093,1500 1144,1502 1195,1505 1246,1508 1298,1509"
                         HEIGHT="148"
                         WIDTH="1039"
                         VPOS="1407"
                         HPOS="267">
                  <String ID="string_r1l21"
                          HEIGHT="148"
                          WIDTH="1039"
                          VPOS="1407"
                          HPOS="267"
                          CONTENT="Turpe tibi fuerit, si nunc, quae regia coniux"/>
               </TextLine>
               <TextLine ID="r1l22"
                         BASELINE="333,1556 380,1553 427,1551 474,1550 521,1549 568,1549 615,1549 663,1550 710,1551 757,1553 804,1555 851,1557 898,1560 945,1563 993,1566 1040,1568 1087,1571 1134,1575 1181,1578 1228,1581 1276,1583"
                         HEIGHT="135"
                         WIDTH="959"
                         VPOS="1493"
                         HPOS="326">
                  <String ID="string_r1l22"
                          HEIGHT="135"
                          WIDTH="959"
                          VPOS="1493"
                          HPOS="326"
                          CONTENT="Et tibi non parvo parta labore fui,"/>
               </TextLine>
               <TextLine ID="line_1615540577804_5420"
                         BASELINE="263,1632 321,1630 380,1628 438,1627 497,1626 556,1626 614,1626 673,1627 732,1628 790,1629 849,1631 908,1633 966,1636 1025,1639 1084,1643 1142,1647 1201,1652 1260,1657 1318,1661 1377,1668 1436,1674 521,1597 556,1594 575,1596 606,1598 637,1597 669,1598"
                         HEIGHT="159"
                         WIDTH="1191"
                         VPOS="1547"
                         HPOS="254">
                  <String ID="string_line_1615540577804_5420"
                          HEIGHT="159"
                          WIDTH="1191"
                          VPOS="1547"
                          HPOS="254"
                          CONTENT="Alterius subeam thalamos, tu si mihi credis,"/>
               </TextLine>
               <TextLine ID="r1l26"
                         BASELINE="323,1718 370,1714 417,1710 464,1707 512,1705 559,1704 606,1703 653,1702 701,1703 748,1703 795,1705 842,1706 890,1707 937,1710 984,1712 1031,1714 1079,1717 1126,1720 1173,1722 1220,1724 1268,1727"
                         HEIGHT="124"
                         WIDTH="960"
                         VPOS="1647"
                         HPOS="315">
                  <String ID="string_r1l26"
                          HEIGHT="124"
                          WIDTH="960"
                          VPOS="1647"
                          HPOS="315"
                          CONTENT="Coniugio renoves tradita regna meo."/>
               </TextLine>
               <TextLine ID="r1l27"
                         BASELINE="274,1787 331,1784 388,1780 445,1779 503,1777 560,1777 617,1778 674,1779 732,1781 789,1783 846,1785 903,1788 961,1792 1018,1796 1075,1800 1132,1805 1190,1809 1247,1814 1304,1818 1361,1822 1419,1826"
                         HEIGHT="162"
                         WIDTH="1162"
                         VPOS="1716"
                         HPOS="266">
                  <String ID="string_r1l27"
                          HEIGHT="162"
                          WIDTH="1162"
                          VPOS="1716"
                          HPOS="266"
                          CONTENT="Te rogo per meritum ( meriti si gratia quaedam est )"/>
               </TextLine>
               <TextLine ID="r1l28"
                         BASELINE="323,1859 365,1855 408,1853 451,1851 494,1849 536,1849 579,1849 622,1849 665,1851 707,1853 750,1855 793,1857 836,1860 878,1863 921,1866 964,1869 1007,1873 1049,1876 1092,1879 1135,1883 1178,1886"
                         HEIGHT="136"
                         WIDTH="870"
                         VPOS="1786"
                         HPOS="316">
                  <String ID="string_r1l28"
                          HEIGHT="136"
                          WIDTH="870"
                          VPOS="1786"
                          HPOS="316"
                          CONTENT="Et per promissi foedera sancta thori."/>
               </TextLine>
               <TextLine ID="r1l29"
                         BASELINE="277,1930 331,1929 386,1928 440,1927 495,1927 550,1928 604,1928 659,1930 713,1932 768,1934 823,1937 877,1941 932,1944 986,1948 1041,1952 1096,1957 1150,1962 1205,1968 1259,1974 1314,1981 1369,1988"
                         HEIGHT="159"
                         WIDTH="1113"
                         VPOS="1859"
                         HPOS="268">
                  <String ID="string_r1l29"
                          HEIGHT="159"
                          WIDTH="1113"
                          VPOS="1859"
                          HPOS="268"
                          CONTENT="Mortuus hoc optat frater qui caesus ab hoste"/>
               </TextLine>
               <TextLine ID="r1l30"
                         BASELINE="357,2008 408,2007 460,2006 511,2006 563,2006 615,2006 666,2008 718,2009 769,2012 821,2014 873,2017 924,2021 976,2025 1027,2030 1079,2034 1131,2039 1182,2043 1234,2049 1285,2055 1337,2061 1389,2066"
                         HEIGHT="134"
                         WIDTH="1051"
                         VPOS="1949"
                         HPOS="348">
                  <String ID="string_r1l30"
                          HEIGHT="134"
                          WIDTH="1051"
                          VPOS="1949"
                          HPOS="348"
                          CONTENT="Cum patre pro patria concidit ante diem."/>
               </TextLine>
               <TextLine ID="r1l31"
                         BASELINE="265,2080 321,2078 378,2077 435,2077 492,2077 549,2079 606,2080 663,2083 720,2085 777,2089 834,2092 890,2096 947,2100 1004,2105 1061,2108 1118,2113 1175,2118 1232,2123 1289,2127 1346,2132 1403,2135"
                         HEIGHT="162"
                         WIDTH="1156"
                         VPOS="2018"
                         HPOS="257">
                  <String ID="string_r1l31"
                          HEIGHT="162"
                          WIDTH="1156"
                          VPOS="2018"
                          HPOS="257"
                          CONTENT="Et si nemo roget, iubet hoc tamen ipsa mariti"/>
               </TextLine>
               <TextLine ID="line_1615540640814_5441"
                         BASELINE="327,2159 373,2156 420,2154 467,2153 513,2153 560,2153 607,2154 653,2156 700,2158 747,2160 794,2164 840,2166 887,2170 934,2173 980,2177 1027,2180 1074,2184 1120,2187 1167,2191 1214,2193 1261,2196 495,2118 524,2118 553,2121 582,2123 611,2122"
                         HEIGHT="154"
                         WIDTH="950"
                         VPOS="2081"
                         HPOS="319">
                  <String ID="string_line_1615540640814_5441"
                          HEIGHT="154"
                          WIDTH="950"
                          VPOS="2081"
                          HPOS="319"
                          CONTENT="Quam mihi promîsti, rite tenenda fides."/>
               </TextLine>
            </TextBlock>
         </PrintSpace>
      </Page>
   </Layout>
</alto>
