2000 2581
401 110 885 141 Si forte his possit nos rapuisse malis.

317 193 1103 129 Dixerat: et navem fluitantem verberat unda,

415 264 976 120 Territus e somno torpida membra levat.

319 336 1015 139 Et cito se causam tanti videt esse pericli,

398 411 990 128 Hoc nautę iactis sortibus inde probant.

309 492 1122 127 Vocibus hinc tandem non vanis ora resolvens

400 558 850 117 Ad timidos reddit talia verba viros.

341 630 1453 167 Non opus est pavido succumbere corda timore 〈 Ionas ad nautas 〉

415 725 807 112 Immeritos quoniam nulla pericla manent.

333 763 1042 153 Me propter tumidis laceratur prora sub undis,

397 875 836 127 Me propter venti praelia saeva movent,

378 923 1107 146 Namque ego, quo vetuit Dominus, sum vestra secutus

396 1027 1038 113 Vela, Dei nunc me dextra moratur atrox.

351 1084 1043 134 Et veluti profugus Domini pia castra reliqui

379 1174 1021 108 Nunc meritas poenas fata subire iubent.

349 1249 907 114 Hei miseri de me divinis legibus uti

400 1312 1023 132 Discite, nunc mea vos tristia fata iuvent.

353 1386 975 131 Eiicite iniustum, vaesano mergite ponto

429 1458 1091 118 Tunc stabunt fluctus, tunc cadet ira maris.

335 1530 1106 125 Dixerat, hi pavido concussi membra tremore

389 1602 820 122 Mirantur sancti fortia verba viri,

355 1676 1133 137 Tristia quod tantum sit fata subire paratus.

422 1763 1006 135 ( Hei mihi quis talem nunc reperisse queat? )

370 1828 1176 123 Non tamen et iussos ( tanta est clementia nautis )

405 1923 1056 105 Vel mare, vel vatis iussa movere queunt.

363 1985 1060 122 Incumbunt remis et ventis carbasa praebent.

392 2066 1046 147 Lubricaque assiduis ictibus unda tremit.
