2000 2581
826 106 393 84 DALILA

425 147 1172 123 Nunc mihi tabescunt artus, nunc plurimus ore

504 229 1123 115 Pallor, nunc macie pallida membra crepant.

450 296 995 130 Perduntur nimio teneri languore lacerti,

507 368 996 126 Quos toties ( nescis? ) colla tulere tua.

443 443 1194 144 Atque manus languent nobis, nunc anulus auri

506 516 956 141 In gracili digito vix remanere potest.

447 595 1187 122 Hęc nunc ipse leges, nec te perlecta monebunt?

504 680 910 116 Nec venies toties, corde petite meo?

443 749 1068 126 Eripe dilectam si vis modo vivere amicam,

512 816 1051 133 Si non sanguinei nomen amantis habes.

456 893 1202 141 Cur ego tot sine te iaceo male frigida noctes?

510 971 969 132 Nec tu cum posses usque venire venis?

442 1061 1182 121 Cur mea nunc medio ponuntur membra cubili?

499 1130 1133 145 Maxima cur nostri pars vacat una thori?

447 1211 1122 122 Cur facis ut molli quo gaudent omnia Somno

476 1270 1072 149 Non possim dubio tristis amore frui?

439 1351 1012 145 Cur sinis ut luctu dilectae tempora lucis,

509 1442 1144 157 Cur sinis ut lachrymis tempora noctis agam?

438 1511 1231 170 Non etenim somno ( veniat modo somnus inanis )

483 1581 868 136 Securo possum nocte silente frui.

437 1650 1128 172 Sępe etenim nostros oculos vaga terret imago,

499 1738 1051 140 Saepe meam mentem tristia spectra movent.

409 1812 1150 148 Aut ubi ( quod cupio ) vanam mentita figuram

485 1886 966 136 Quę te praesentat noctis imago venit,

426 1956 1125 151 Blandula te excipio simulataque gaudia fingo,

488 2050 1069 116 Et ludunt animum ludicra vana meum.
