2000 2581
220 139 1015 145 Sperabam miserae rapuit vis saeva ferarum.

239 227 835 104 O fili dulcis patriam qui saepe senectam

235 275 1021 120 Lenisti, cur nunc miserum me linquis Ioseph?

243 353 935 83 Scilicet hęc etiam nostrum fortuna laborum

243 410 910 104 Restabat misero, sublati ut funera nati

252 480 983 101 Sentirem infoelix et saeva morte peremptum

255 529 848 113 Acciperem, nobis verum qui solus amorem

239 601 1040 100 Exhibuit, placidis lenit dum pectora dictis.

241 667 1144 123 O rape mors miserum, gnato me iungito Ioseph.

181 715 1111 120 Dixit et ah tristis rapuit de pectore vestes,

242 797 1124 110 Et cineres capiti fundit, mox induit atrum

258 851 994 113 Āmictum lugens amissi funera nati.

252 908 1160 127 Hunc famuli et famulae tumque omnes ordine nati

250 978 1054 125 Solantur tristeis, dictis et pectus amarum

256 1051 1039 110 Alleviare student, ast hic solatia nulla

254 1115 1034 112 Accipit, afflictoque fovet sub corde dolorem.

267 1194 1148 123 Circumstant famulae tristes quae pectora plangunt

271 1243 1088 141 Tristia, tota domus puerum deplorat Ioseph.

270 1315 1138 120 O foelix nimium quod non hęc tempora moesta

272 1378 1092 137 Vidisti Rhachel genitrix, nec corde dolorem

273 1443 973 125 Cępisti tantum, molli sed pressa quiete

252 1529 1151 114 Ephrata in recubas auges dum prole parentem.

251 1597 1129 130 Hei mihi quę rerum facies, quam tristis imago

271 1672 1205 106 Cernite ah passim, miseris cum matribus omnes

272 1734 1241 128 Infantes plorant, tum iam quoque criminis illos

275 1812 1124 96 Poenitet ah sero, nulla ut medicina dolori.

280 1861 1145 121 Utque ferunt quondam Troiae sub moenibus altis

288 1925 1188 133 Iliades flevisse nurus, cum iam Hectora cęsum

296 2010 1204 115 Viderunt fortem, vinclis pedibusque revinctum

271 2076 1168 111 A celeri curru sęvum suspendere Achillem.

261 2148 1231 128 Flet Priamus tristis, miseris singultibus ora
