<?xml version="1.0" encoding="UTF-8"?>
<alto xmlns:xsi="http://www.w3.org/2001/XMLSchema-instance"
      xmlns="http://www.loc.gov/standards/alto/ns-v4#"
      xmlns:page="http://schema.primaresearch.org/PAGE/gts/pagecontent/2013-07-15"
      xsi:schemaLocation="http://www.loc.gov/standards/alto/ns-v4# https://www.loc.gov/standards/alto/v4/alto.xsd">
   <Description>
      <MeasurementUnit>pixel</MeasurementUnit>
      <OCRProcessing ID="IdOcr">
         <ocrProcessingStep>
            <processingDateTime>2021-05-22T12:11:26.88+02:00</processingDateTime>
            <processingSoftware>
               <softwareCreator>READ COOP</softwareCreator>
               <softwareName>Transkribus</softwareName>
            </processingSoftware>
         </ocrProcessingStep>
      </OCRProcessing>
   </Description>
   <Layout>
      <Page ID="Page1" PHYSICAL_IMG_NR="1" HEIGHT="2581" WIDTH="2000">
         <TopMargin HEIGHT="0" WIDTH="2000" VPOS="0" HPOS="0"/>
         <LeftMargin HEIGHT="2581" WIDTH="0" VPOS="0" HPOS="0"/>
         <RightMargin HEIGHT="2581" WIDTH="0" VPOS="0" HPOS="2000"/>
         <BottomMargin HEIGHT="0" WIDTH="2000" VPOS="2581" HPOS="0"/>
         <PrintSpace HEIGHT="2581" WIDTH="2000" VPOS="0" HPOS="0">
            <TextBlock ID="r2" HEIGHT="2066" WIDTH="1267" VPOS="154" HPOS="167">
               <Shape>
                  <Polygon POINTS="167,154 167,2220 1434,2220 1434,154"/>
               </Shape>
               <TextLine ID="r2l1"
                         BASELINE="237,188 296,187 355,185 415,184 474,184 534,183 593,183 652,183 712,184 771,184 831,185 890,187 949,188 1009,190 1068,191 1128,193 1187,195 1246,198 1306,200 1365,203 1425,206"
                         HEIGHT="104"
                         WIDTH="1204"
                         VPOS="124"
                         HPOS="229">
                  <String ID="string_r2l1"
                          HEIGHT="104"
                          WIDTH="1204"
                          VPOS="124"
                          HPOS="229"
                          CONTENT="Et faciem augustam nihil nunc iuvenile tuentem"/>
               </TextLine>
               <TextLine ID="r2l2"
                         BASELINE="251,256 306,252 362,250 418,248 474,246 529,245 585,244 641,244 697,244 752,245 808,246 864,247 920,249 975,250 1031,252 1087,254 1143,256 1198,257 1254,259 1310,261 1366,262"
                         HEIGHT="105"
                         WIDTH="1130"
                         VPOS="194"
                         HPOS="244">
                  <String ID="string_r2l2"
                          HEIGHT="105"
                          WIDTH="1130"
                          VPOS="194"
                          HPOS="244"
                          CONTENT="Sed mores castos et mentis nuntia signa "/>
               </TextLine>
               <TextLine ID="r2l3"
                         BASELINE="259,314 313,310 367,306 421,304 476,301 530,300 584,299 639,298 693,298 747,298 802,299 856,300 910,302 964,304 1019,306 1073,309 1127,312 1182,315 1236,318 1290,321 1345,325"
                         HEIGHT="90"
                         WIDTH="1102"
                         VPOS="259"
                         HPOS="251">
                  <String ID="string_r2l3"
                          HEIGHT="90"
                          WIDTH="1102"
                          VPOS="259"
                          HPOS="251"
                          CONTENT="Castae, mox tacitum pueri concepit amorem. "/>
               </TextLine>
               <TextLine ID="r2l4"
                         BASELINE="257,376 306,373 356,370 406,369 456,367 506,366 556,365 606,364 656,364 706,364 756,364 805,365 855,365 905,366 955,368 1005,369 1055,371 1105,373 1155,375 1205,378 1255,380"
                         HEIGHT="102"
                         WIDTH="1013"
                         VPOS="312"
                         HPOS="249">
                  <String ID="string_r2l4"
                          HEIGHT="102"
                          WIDTH="1013"
                          VPOS="312"
                          HPOS="249"
                          CONTENT="Utque levis primum sicco sub fomite flamma "/>
               </TextLine>
               <TextLine ID="r2l5"
                         BASELINE="238,436 289,435 341,434 393,433 445,432 497,431 548,431 600,431 652,431 704,431 756,432 807,432 859,433 911,434 963,436 1015,437 1066,439 1118,440 1170,443 1222,445 1274,447"
                         HEIGHT="98"
                         WIDTH="1052"
                         VPOS="377"
                         HPOS="230">
                  <String ID="string_r2l5"
                          HEIGHT="98"
                          WIDTH="1052"
                          VPOS="377"
                          HPOS="230"
                          CONTENT="Delitet et tandem commota a flamine venti "/>
               </TextLine>
               <TextLine ID="r2l6"
                         BASELINE="236,503 288,503 341,502 394,502 446,501 499,501 552,500 604,500 657,500 710,500 763,500 815,500 868,501 921,501 973,503 1026,504 1079,506 1131,507 1184,510 1237,513 1290,516"
                         HEIGHT="104"
                         WIDTH="1068"
                         VPOS="443"
                         HPOS="229">
                  <String ID="string_r2l6"
                          HEIGHT="104"
                          WIDTH="1068"
                          VPOS="443"
                          HPOS="229"
                          CONTENT="Emicat et late vires extendit in auras, "/>
               </TextLine>
               <TextLine ID="r2l7"
                         BASELINE="252,565 309,563 366,562 423,560 480,560 537,559 594,559 651,560 708,560 765,561 822,563 879,564 936,566 993,568 1050,570 1107,572 1164,574 1221,576 1278,579 1335,581 1392,584"
                         HEIGHT="113"
                         WIDTH="1155"
                         VPOS="504"
                         HPOS="245">
                  <String ID="string_r2l7"
                          HEIGHT="113"
                          WIDTH="1155"
                          VPOS="504"
                          HPOS="245"
                          CONTENT="Sic modo non flammas ingentes concipit Heros"/>
               </TextLine>
               <TextLine ID="r2l8"
                         BASELINE="247,631 306,627 365,625 424,623 483,622 542,621 601,621 661,622 720,622 779,624 838,625 897,627 956,629 1015,631 1075,633 1134,636 1193,638 1252,640 1311,642 1370,643 1430,645"
                         HEIGHT="116"
                         WIDTH="1198"
                         VPOS="567"
                         HPOS="240">
                  <String ID="string_r2l8"
                          HEIGHT="116"
                          WIDTH="1198"
                          VPOS="567"
                          HPOS="240"
                          CONTENT="Conceptam at parvam blando sub pectore nutrit,"/>
               </TextLine>
               <TextLine ID="r2l9"
                         BASELINE="249,694 307,689 366,686 424,684 483,682 542,681 600,682 659,682 718,684 776,686 835,688 894,690 952,693 1011,696 1070,698 1128,701 1187,703 1246,706 1304,707 1363,708 1422,709"
                         HEIGHT="123"
                         WIDTH="1190"
                         VPOS="628"
                         HPOS="240">
                  <String ID="string_r2l9"
                          HEIGHT="123"
                          WIDTH="1190"
                          VPOS="628"
                          HPOS="240"
                          CONTENT="Iamque placent mores grati, tum corpora pulchra,"/>
               </TextLine>
               <TextLine ID="r2l10"
                         BASELINE="241,770 298,765 356,760 413,757 471,755 529,753 586,752 644,752 702,753 759,754 817,756 875,758 932,760 990,763 1048,766 1105,768 1163,770 1221,772 1278,774 1336,776 1394,777"
                         HEIGHT="127"
                         WIDTH="1168"
                         VPOS="686"
                         HPOS="233">
                  <String ID="string_r2l10"
                          HEIGHT="127"
                          WIDTH="1168"
                          VPOS="686"
                          HPOS="233"
                          CONTENT="Atque fidem dictis adhibet nec falsa locutum "/>
               </TextLine>
               <TextLine ID="r2l11"
                         BASELINE="242,837 299,832 356,828 413,824 470,821 528,820 585,818 642,817 699,817 756,818 814,819 871,820 928,821 985,823 1042,825 1100,827 1157,830 1214,832 1271,835 1328,838 1386,840"
                         HEIGHT="124"
                         WIDTH="1159"
                         VPOS="757"
                         HPOS="235">
                  <String ID="string_r2l11"
                          HEIGHT="124"
                          WIDTH="1159"
                          VPOS="757"
                          HPOS="235"
                          CONTENT="Aestimat ut tales generoso in corpore vultus "/>
               </TextLine>
               <TextLine ID="r2l12"
                         BASELINE="240,894 292,891 344,888 396,886 449,885 501,884 553,883 606,883 658,883 710,883 763,884 815,884 867,886 919,887 972,888 1024,890 1076,891 1129,893 1181,894 1233,895 1286,897"
                         HEIGHT="116"
                         WIDTH="1061"
                         VPOS="817"
                         HPOS="233">
                  <String ID="string_r2l12"
                          HEIGHT="116"
                          WIDTH="1061"
                          VPOS="817"
                          HPOS="233"
                          CONTENT="Conspexit, cordisque boni certissima signa "/>
               </TextLine>
               <TextLine ID="line_1615647838781_2118"
                         BASELINE="172,964 196,962 245,956 304,955 363,953 423,952 482,951 542,950 601,950 661,950 720,950 780,951 839,951 898,953 958,954 1017,956 1077,959 1136,961 1196,965 1255,969 1315,973 1374,978 1434,983"
                         HEIGHT="129"
                         WIDTH="1281"
                         VPOS="890"
                         HPOS="162">
                  <String ID="string_line_1615647838781_2118"
                          HEIGHT="129"
                          WIDTH="1281"
                          VPOS="890"
                          HPOS="162"
                          CONTENT="„ Auribus audivit ( sermo nam pectoris index. )"/>
               </TextLine>
               <TextLine ID="r2l14"
                         BASELINE="212,1017 258,1016 305,1015 352,1014 398,1014 445,1014 492,1014 538,1014 585,1014 632,1015 679,1015 725,1016 772,1017 819,1018 865,1020 912,1021 959,1023 1005,1025 1052,1027 1099,1030 1146,1032"
                         HEIGHT="111"
                         WIDTH="949"
                         VPOS="960"
                         HPOS="205">
                  <String ID="string_r2l14"
                          HEIGHT="111"
                          WIDTH="949"
                          VPOS="960"
                          HPOS="205"
                          CONTENT="Interea famulus senior quem Putiphar olim "/>
               </TextLine>
               <TextLine ID="r2l15"
                         BASELINE="253,1086 297,1084 341,1083 385,1082 429,1081 473,1081 517,1080 561,1080 605,1080 649,1081 694,1081 738,1082 782,1083 826,1085 870,1086 914,1087 958,1089 1002,1091 1046,1093 1090,1096 1135,1098"
                         HEIGHT="118"
                         WIDTH="897"
                         VPOS="1019"
                         HPOS="246">
                  <String ID="string_r2l15"
                          HEIGHT="118"
                          WIDTH="897"
                          VPOS="1019"
                          HPOS="246"
                          CONTENT="Annis conspicuum toti pręfecerat aulae, "/>
               </TextLine>
               <TextLine ID="r2l16"
                         BASELINE="263,1152 310,1150 358,1147 406,1146 454,1145 502,1145 550,1145 597,1145 645,1146 693,1147 741,1148 789,1150 837,1152 885,1154 932,1156 980,1158 1028,1160 1076,1162 1124,1165 1172,1166 1220,1168"
                         HEIGHT="114"
                         WIDTH="974"
                         VPOS="1088"
                         HPOS="255">
                  <String ID="string_r2l16"
                          HEIGHT="114"
                          WIDTH="974"
                          VPOS="1088"
                          HPOS="255"
                          CONTENT="Occubuit curis, morbis oppressus et annis. "/>
               </TextLine>
               <TextLine ID="r2l17"
                         BASELINE="256,1218 310,1215 365,1213 420,1211 475,1210 530,1210 585,1210 640,1211 695,1212 750,1213 805,1215 859,1218 914,1220 969,1223 1024,1226 1079,1229 1134,1233 1189,1236 1244,1239 1299,1242 1354,1245"
                         HEIGHT="117"
                         WIDTH="1114"
                         VPOS="1147"
                         HPOS="248">
                  <String ID="string_r2l17"
                          HEIGHT="117"
                          WIDTH="1114"
                          VPOS="1147"
                          HPOS="248"
                          CONTENT="Mox videas plures turbare tumultibus aulam "/>
               </TextLine>
               <TextLine ID="r2l18"
                         BASELINE="240,1283 295,1281 350,1280 405,1279 460,1278 515,1278 570,1278 625,1279 680,1280 735,1281 790,1283 845,1284 900,1287 955,1289 1010,1292 1065,1295 1120,1299 1175,1303 1230,1307 1285,1312 1341,1317"
                         HEIGHT="124"
                         WIDTH="1119"
                         VPOS="1220"
                         HPOS="231">
                  <String ID="string_r2l18"
                          HEIGHT="124"
                          WIDTH="1119"
                          VPOS="1220"
                          HPOS="231"
                          CONTENT="Defuncti famuli quisquis dum captat honores. "/>
               </TextLine>
               <TextLine ID="r2l19"
                         BASELINE="253,1353 302,1351 352,1350 401,1349 451,1348 500,1348 550,1348 599,1349 649,1350 698,1351 748,1352 797,1353 847,1355 896,1357 946,1359 995,1361 1045,1363 1094,1366 1144,1368 1193,1371 1243,1374"
                         HEIGHT="125"
                         WIDTH="1006"
                         VPOS="1295"
                         HPOS="245">
                  <String ID="string_r2l19"
                          HEIGHT="125"
                          WIDTH="1006"
                          VPOS="1295"
                          HPOS="245"
                          CONTENT="Nunc aliis gemmis multis cultuque superbus "/>
               </TextLine>
               <TextLine ID="r2l20"
                         BASELINE="245,1426 303,1423 362,1421 420,1419 479,1418 538,1418 596,1418 655,1418 713,1419 772,1421 831,1423 889,1425 948,1427 1006,1430 1065,1433 1124,1435 1182,1438 1241,1441 1299,1443 1358,1446 1417,1448"
                         HEIGHT="114"
                         WIDTH="1188"
                         VPOS="1362"
                         HPOS="237">
                  <String ID="string_r2l20"
                          HEIGHT="114"
                          WIDTH="1188"
                          VPOS="1362"
                          HPOS="237"
                          CONTENT="Ostentat patriam famam, nunc iactat avitos "/>
               </TextLine>
               <TextLine ID="r2l21"
                         BASELINE="244,1491 294,1488 344,1487 394,1485 444,1484 494,1483 544,1483 594,1484 644,1484 694,1485 744,1487 794,1488 844,1489 894,1491 944,1493 994,1495 1044,1496 1094,1498 1144,1499 1194,1500 1244,1501"
                         HEIGHT="117"
                         WIDTH="1015"
                         VPOS="1428"
                         HPOS="237">
                  <String ID="string_r2l21"
                          HEIGHT="117"
                          WIDTH="1015"
                          VPOS="1428"
                          HPOS="237"
                          CONTENT="Natales alius, miscenturque omnia turbis. "/>
               </TextLine>
               <TextLine ID="r2l22"
                         BASELINE="248,1562 300,1558 353,1556 406,1553 459,1552 512,1550 565,1550 618,1550 671,1550 724,1551 777,1553 829,1554 882,1556 935,1558 988,1560 1041,1562 1094,1565 1147,1567 1200,1569 1253,1572 1306,1574"
                         HEIGHT="124"
                         WIDTH="1073"
                         VPOS="1492"
                         HPOS="241">
                  <String ID="string_r2l22"
                          HEIGHT="124"
                          WIDTH="1073"
                          VPOS="1492"
                          HPOS="241"
                          CONTENT="Sunt alii plures dominum qui adeuntque rogantque,"/>
               </TextLine>
               <TextLine ID="r2l23"
                         BASELINE="256,1626 307,1624 358,1623 409,1622 461,1621 512,1620 563,1619 615,1619 666,1618 717,1618 769,1618 820,1619 871,1620 922,1621 974,1622 1025,1624 1076,1626 1128,1629 1179,1631 1230,1635 1282,1639"
                         HEIGHT="116"
                         WIDTH="1042"
                         VPOS="1563"
                         HPOS="248">
                  <String ID="string_r2l23"
                          HEIGHT="116"
                          WIDTH="1042"
                          VPOS="1563"
                          HPOS="248"
                          CONTENT="Officii cassi splendentia munera poscunt. "/>
               </TextLine>
               <TextLine ID="r2l24"
                         BASELINE="249,1698 304,1696 360,1694 416,1692 471,1691 527,1690 583,1689 638,1688 694,1688 750,1688 806,1688 861,1689 917,1689 973,1691 1028,1692 1084,1694 1140,1696 1195,1699 1251,1701 1307,1705 1363,1708"
                         HEIGHT="118"
                         WIDTH="1130"
                         VPOS="1636"
                         HPOS="241">
                  <String ID="string_r2l24"
                          HEIGHT="118"
                          WIDTH="1130"
                          VPOS="1636"
                          HPOS="241"
                          CONTENT="Putiphar at sapiens, quem tanto munere dignum "/>
               </TextLine>
               <TextLine ID="r2l25"
                         BASELINE="247,1778 303,1773 359,1769 416,1766 472,1763 529,1761 585,1759 641,1758 698,1758 754,1758 811,1758 867,1758 923,1760 980,1761 1036,1763 1093,1765 1149,1767 1205,1769 1262,1772 1318,1774 1375,1777"
                         HEIGHT="115"
                         WIDTH="1142"
                         VPOS="1704"
                         HPOS="240">
                  <String ID="string_r2l25"
                          HEIGHT="115"
                          WIDTH="1142"
                          VPOS="1704"
                          HPOS="240"
                          CONTENT="Aestimet, ignorat, dubiasque in pectore curas "/>
               </TextLine>
               <TextLine ID="r2l26"
                         BASELINE="256,1845 313,1842 371,1839 429,1836 486,1834 544,1833 602,1832 659,1831 717,1831 775,1831 833,1831 890,1832 948,1833 1006,1835 1063,1837 1121,1839 1179,1841 1236,1844 1294,1847 1352,1850 1410,1854"
                         HEIGHT="110"
                         WIDTH="1170"
                         VPOS="1775"
                         HPOS="248">
                  <String ID="string_r2l26"
                          HEIGHT="110"
                          WIDTH="1170"
                          VPOS="1775"
                          HPOS="248"
                          CONTENT="Versat, dum cernit turbari cuncta tumultu,"/>
               </TextLine>
               <TextLine ID="r2l27"
                         BASELINE="241,1905 302,1903 363,1901 424,1900 485,1899 546,1898 607,1898 668,1898 729,1898 790,1899 851,1900 912,1902 973,1903 1034,1905 1095,1908 1156,1910 1217,1914 1278,1917 1339,1921 1400,1925"
                         HEIGHT="115"
                         WIDTH="1174"
                         VPOS="1841"
                         HPOS="233">
                  <String ID="string_r2l27"
                          HEIGHT="115"
                          WIDTH="1174"
                          VPOS="1841"
                          HPOS="233"
                          CONTENT="Incertusque modo nunc huic deposcit honorem, "/>
               </TextLine>
               <TextLine ID="r2l28"
                         BASELINE="247,1970 299,1969 351,1967 404,1966 456,1965 509,1964 561,1963 614,1963 666,1963 719,1963 771,1963 823,1964 876,1966 928,1967 981,1970 1033,1973 1086,1976 1138,1979 1191,1983 1243,1988 1296,1993"
                         HEIGHT="105"
                         WIDTH="1065"
                         VPOS="1903"
                         HPOS="239">
                  <String ID="string_r2l28"
                          HEIGHT="105"
                          WIDTH="1065"
                          VPOS="1903"
                          HPOS="239"
                          CONTENT="Nunc animi dubio, melior sententia visa est. "/>
               </TextLine>
               <TextLine ID="r2l29"
                         BASELINE="249,2043 299,2039 349,2036 400,2033 450,2031 500,2030 551,2029 601,2029 651,2029 702,2029 752,2031 802,2032 853,2033 903,2035 953,2037 1004,2039 1054,2042 1104,2044 1155,2046 1205,2049 1256,2051"
                         HEIGHT="104"
                         WIDTH="1023"
                         VPOS="1964"
                         HPOS="241">
                  <String ID="string_r2l29"
                          HEIGHT="104"
                          WIDTH="1023"
                          VPOS="1964"
                          HPOS="241"
                          CONTENT="Talibus ut curis huc illuc aestuat ille"/>
               </TextLine>
               <TextLine ID="r2l30"
                         BASELINE="243,2112 297,2107 351,2103 405,2100 460,2098 514,2097 568,2097 623,2097 677,2098 731,2099 786,2101 840,2103 894,2107 948,2109 1003,2112 1057,2115 1111,2118 1166,2121 1220,2124 1274,2126 1329,2128"
                         HEIGHT="135"
                         WIDTH="1101"
                         VPOS="2039"
                         HPOS="235">
                  <String ID="string_r2l30"
                          HEIGHT="135"
                          WIDTH="1101"
                          VPOS="2039"
                          HPOS="235"
                          CONTENT="Coelitus in somnis adhortans astat imago,"/>
               </TextLine>
               <TextLine ID="r2l31"
                         BASELINE="167,2175 226,2172 285,2170 345,2168 404,2167 463,2166 523,2167 582,2167 641,2168 701,2170 760,2172 819,2174 879,2177 938,2179 997,2183 1057,2186 1116,2190 1175,2193 1235,2197 1294,2201 1354,2205"
                         HEIGHT="153"
                         WIDTH="1203"
                         VPOS="2084"
                         HPOS="159">
                  <String ID="string_r2l31"
                          HEIGHT="153"
                          WIDTH="1203"
                          VPOS="2084"
                          HPOS="159"
                          CONTENT="Quid nunc, o praeses, tantas in pectore curas "/>
               </TextLine>
            </TextBlock>
         </PrintSpace>
      </Page>
   </Layout>
</alto>
