2000 2581
254 121 1131 140 At nunc o fratres mea quid vos verba iuvare

265 217 1053 100 Possint, dispicite exhortor si forte laborem

264 285 1141 110 Hunc lenire queant et factis ferre salutem.

257 352 1301 118 En tunicam fratris laceram, quam sanguine tingi,

259 418 1196 122 Suadeo, et intinctam vetulo portare parenti

274 496 1088 114 Inventam campo dicent, vestigia nulla

267 552 1087 124 Invenisse necis, mox hic periise sub agris

266 629 1179 134 Aque feris raptum puerum reputabit Ioseph.

254 691 1099 104 Finierat dicens, cui reddit talia Ruben.

195 761 1130 120 Scilicet haec poterunt miserum exhilerare parentem,

264 831 1202 111 Cum magis hęc tristem possint incendere luctum.

215 893 1172 122 „ Atque homines equidem simulati fallere mores

215 957 1158 128 „ Possunt, at vigilem mentem celare deorum

219 1023 1223 127 „ Hoc opus, hic labor est, at non sic fortia fata

226 1101 1233 128 „ Sunt hominum ut divûm possint imponere menti.

275 1163 1056 130 Ne tamen adversus videar pugnare salutem

280 1240 1139 115 Communem solus, mea non auxīlia deerunt,

298 1311 1183 123 Vobis si poterit quiddam mea lingua silendo

268 1374 1126 117 Efficere et tacita scelus hoc abscondere mente.

279 1450 1208 121 Sed non ulla mea assumat volo munera dextra,

273 1516 1116 132 Insons fraterni cupio nam sanguinis esse.

277 1580 1177 148 Vos modo quae vultis facite et complete furorem,

271 1663 1230 139 Mox aderit tempus, dominus cum sumere poenas

267 1728 1275 121 Instituet meritas non hunc molimina fallunt

276 1801 1167 123 Callida, quae patriae possunt dare verba senectae.

197 1875 1275 128 Dixit et e campo Ruben atque ordine fratrum

280 1938 1073 126 Secessit plorans, animo crudelia versans

290 1996 1245 158 Crimina quę duro patrarant pectore fratres.

277 2091 1017 91 O quoties convexa tuens in nubila coeli

256 2141 1097 148 Ad Dominum plorans fletus effudit amaros?
