<?xml version="1.0" encoding="UTF-8"?>
<alto xmlns:xsi="http://www.w3.org/2001/XMLSchema-instance"
      xmlns="http://www.loc.gov/standards/alto/ns-v4#"
      xmlns:page="http://schema.primaresearch.org/PAGE/gts/pagecontent/2013-07-15"
      xsi:schemaLocation="http://www.loc.gov/standards/alto/ns-v4# https://www.loc.gov/standards/alto/v4/alto.xsd">
   <Description>
      <MeasurementUnit>pixel</MeasurementUnit>
      <OCRProcessing ID="IdOcr">
         <ocrProcessingStep>
            <processingDateTime>2021-05-22T12:10:24.497+02:00</processingDateTime>
            <processingSoftware>
               <softwareCreator>READ COOP</softwareCreator>
               <softwareName>Transkribus</softwareName>
            </processingSoftware>
         </ocrProcessingStep>
      </OCRProcessing>
   </Description>
   <Layout>
      <Page ID="Page1" PHYSICAL_IMG_NR="1" HEIGHT="2581" WIDTH="2000">
         <TopMargin HEIGHT="0" WIDTH="2000" VPOS="0" HPOS="0"/>
         <LeftMargin HEIGHT="2581" WIDTH="0" VPOS="0" HPOS="0"/>
         <RightMargin HEIGHT="2581" WIDTH="0" VPOS="0" HPOS="2000"/>
         <BottomMargin HEIGHT="0" WIDTH="2000" VPOS="2581" HPOS="0"/>
         <PrintSpace HEIGHT="2581" WIDTH="2000" VPOS="0" HPOS="0">
            <TextBlock ID="r1" HEIGHT="1950" WIDTH="1236" VPOS="189" HPOS="274">
               <Shape>
                  <Polygon POINTS="274,189 274,2139 1510,2139 1510,189"/>
               </Shape>
               <TextLine ID="r1l1"
                         BASELINE="274,240 332,238 390,236 448,235 506,233 564,232 622,231 681,230 739,229 797,228 855,227 913,226 971,226 1029,225 1088,225 1146,224 1204,223 1262,223 1320,222 1378,221 1437,220"
                         HEIGHT="115"
                         WIDTH="1179"
                         VPOS="164"
                         HPOS="265">
                  <String ID="string_r1l1"
                          HEIGHT="115"
                          WIDTH="1179"
                          VPOS="164"
                          HPOS="265"
                          CONTENT="Quę mala, quive metus et quanta pericula vitae"/>
               </TextLine>
               <TextLine ID="r1l2"
                         BASELINE="355,309 400,306 446,303 492,300 537,298 583,296 629,294 674,293 720,292 766,291 812,291 857,290 903,290 949,290 994,290 1040,290 1086,290 1131,290 1177,289 1223,289 1269,289"
                         HEIGHT="102"
                         WIDTH="930"
                         VPOS="234"
                         HPOS="346">
                  <String ID="string_r1l2"
                          HEIGHT="102"
                          WIDTH="930"
                          VPOS="234"
                          HPOS="346"
                          CONTENT="Si tibi me tradam, sunt oritura meae?"/>
               </TextLine>
               <TextLine ID="r1l3"
                         BASELINE="299,369 351,367 403,365 455,363 507,361 560,360 612,359 664,358 716,357 768,357 821,356 873,356 925,356 977,356 1029,356 1082,357 1134,357 1186,358 1238,359 1290,359 1343,360"
                         HEIGHT="107"
                         WIDTH="1059"
                         VPOS="298"
                         HPOS="292">
                  <String ID="string_r1l3"
                          HEIGHT="107"
                          WIDTH="1059"
                          VPOS="298"
                          HPOS="292"
                          CONTENT="Num credis nullum nostros qui sentiat ignes"/>
               </TextLine>
               <TextLine ID="r1l4"
                         BASELINE="348,431 398,428 448,426 498,423 548,422 599,420 649,419 699,418 749,417 799,417 850,417 900,417 950,418 1000,419 1050,420 1101,421 1151,422 1201,424 1251,425 1301,427 1352,429"
                         HEIGHT="106"
                         WIDTH="1020"
                         VPOS="356"
                         HPOS="340">
                  <String ID="string_r1l4"
                          HEIGHT="106"
                          WIDTH="1020"
                          VPOS="356"
                          HPOS="340"
                          CONTENT="Affore? Non stultus, crede, maritus adest."/>
               </TextLine>
               <TextLine ID="r1l5"
                         BASELINE="323,495 379,491 436,487 492,484 549,481 605,480 662,478 718,477 775,477 831,477 888,477 944,478 1001,479 1057,481 1114,483 1170,486 1227,489 1283,492 1340,496 1396,500 1453,505"
                         HEIGHT="110"
                         WIDTH="1145"
                         VPOS="431"
                         HPOS="316">
                  <String ID="string_r1l5"
                          HEIGHT="110"
                          WIDTH="1145"
                          VPOS="431"
                          HPOS="316"
                          CONTENT="Quid mihi continget, tua si nunc iussa capessam?"/>
               </TextLine>
               <TextLine ID="r1l6"
                         BASELINE="356,556 408,552 461,548 514,545 567,542 620,540 673,539 725,538 778,537 831,538 884,538 937,539 990,541 1043,543 1095,545 1148,548 1201,550 1254,554 1307,557 1360,561 1413,565"
                         HEIGHT="92"
                         WIDTH="1073"
                         VPOS="488"
                         HPOS="348">
                  <String ID="string_r1l6"
                          HEIGHT="92"
                          WIDTH="1073"
                          VPOS="488"
                          HPOS="348"
                          CONTENT="Hei mihi non longa hęc vita futura mihi est."/>
               </TextLine>
               <TextLine ID="r1l7"
                         BASELINE="299,623 353,620 408,616 462,612 517,609 572,606 626,604 681,602 735,601 790,600 845,600 899,600 954,601 1008,602 1063,604 1118,606 1172,609 1227,613 1281,617 1336,622 1391,627"
                         HEIGHT="110"
                         WIDTH="1107"
                         VPOS="542"
                         HPOS="291">
                  <String ID="string_r1l7"
                          HEIGHT="110"
                          WIDTH="1107"
                          VPOS="542"
                          HPOS="291"
                          CONTENT="An nostrę poteris tu causam mortis habere?"/>
               </TextLine>
               <TextLine ID="r1l8"
                         BASELINE="359,683 409,679 459,676 509,673 559,670 609,669 659,667 710,666 760,665 810,664 860,664 910,664 960,665 1010,666 1061,667 1111,670 1161,672 1211,675 1261,678 1311,681 1362,686"
                         HEIGHT="116"
                         WIDTH="1017"
                         VPOS="608"
                         HPOS="352">
                  <String ID="string_r1l8"
                          HEIGHT="116"
                          WIDTH="1017"
                          VPOS="608"
                          HPOS="352"
                          CONTENT="An quod amas pariter perdere saeva cupis?"/>
               </TextLine>
               <TextLine ID="r1l9"
                         BASELINE="301,746 351,744 401,741 452,739 502,737 553,736 603,735 654,735 704,735 755,735 805,736 855,736 906,737 956,738 1007,740 1057,741 1108,742 1158,744 1209,746 1259,748 1310,749"
                         HEIGHT="102"
                         WIDTH="1025"
                         VPOS="676"
                         HPOS="293">
                  <String ID="string_r1l9"
                          HEIGHT="102"
                          WIDTH="1025"
                          VPOS="676"
                          HPOS="293"
                          CONTENT="Quid faciam tantis confectus casibus exul?"/>
               </TextLine>
               <TextLine ID="r1l10"
                         BASELINE="356,815 405,810 455,806 505,803 555,800 605,798 655,797 705,797 755,797 805,797 855,798 904,799 954,801 1004,803 1054,805 1104,807 1154,808 1204,811 1254,813 1304,815 1354,817"
                         HEIGHT="107"
                         WIDTH="1014"
                         VPOS="741"
                         HPOS="348">
                  <String ID="string_r1l10"
                          HEIGHT="107"
                          WIDTH="1014"
                          VPOS="741"
                          HPOS="348"
                          CONTENT="Hei quando finem fata inimica dabunt?"/>
               </TextLine>
               <TextLine ID="r1l11"
                         BASELINE="314,876 366,874 419,871 472,869 525,866 578,865 631,864 684,863 737,862 790,862 843,863 895,863 948,864 1001,865 1054,867 1107,870 1160,873 1213,876 1266,880 1319,884 1372,888"
                         HEIGHT="105"
                         WIDTH="1073"
                         VPOS="811"
                         HPOS="307">
                  <String ID="string_r1l11"
                          HEIGHT="105"
                          WIDTH="1073"
                          VPOS="811"
                          HPOS="307"
                          CONTENT="Si miser insanę ( quod vult corrupta voluntas )"/>
               </TextLine>
               <TextLine ID="r1l12"
                         BASELINE="352,939 396,936 440,934 484,933 529,931 573,930 617,929 662,928 706,927 750,927 795,927 839,928 883,928 927,929 972,930 1016,932 1060,933 1105,935 1149,938 1193,940 1238,943"
                         HEIGHT="121"
                         WIDTH="900"
                         VPOS="868"
                         HPOS="345">
                  <String ID="string_r1l12"
                          HEIGHT="121"
                          WIDTH="900"
                          VPOS="868"
                          HPOS="345"
                          CONTENT="Suscipiam leges turpia furta sequens,"/>
               </TextLine>
               <TextLine ID="r1l13"
                         BASELINE="303,1004 360,1001 418,998 476,996 534,995 592,994 650,993 707,993 765,993 823,994 881,995 939,997 997,999 1055,1002 1112,1005 1170,1008 1228,1013 1286,1017 1344,1022 1402,1028 1460,1034"
                         HEIGHT="112"
                         WIDTH="1173"
                         VPOS="939"
                         HPOS="296">
                  <String ID="string_r1l13"
                          HEIGHT="112"
                          WIDTH="1173"
                          VPOS="939"
                          HPOS="296"
                          CONTENT="Me Deus omnipotens mulctanti crimina dextra"/>
               </TextLine>
               <TextLine ID="r1l14"
                         BASELINE="353,1076 401,1072 449,1068 497,1064 546,1062 594,1060 642,1058 690,1058 739,1057 787,1057 835,1058 883,1059 932,1060 980,1062 1028,1064 1076,1066 1125,1069 1173,1072 1221,1075 1269,1079 1318,1082"
                         HEIGHT="101"
                         WIDTH="980"
                         VPOS="1006"
                         HPOS="346">
                  <String ID="string_r1l14"
                          HEIGHT="101"
                          WIDTH="980"
                          VPOS="1006"
                          HPOS="346"
                          CONTENT="Perdet et exposcet tormina lęsa fides."/>
               </TextLine>
               <TextLine ID="line_1615326748255_2707"
                         BASELINE="288,1143 339,1138 391,1134 443,1130 495,1127 547,1125 598,1123 650,1122 702,1122 754,1122 806,1123 857,1123 909,1125 961,1127 1013,1130 1065,1133 1116,1137 1168,1140 1220,1144 1272,1148 1324,1153 518,1081 554,1091 590,1093 1352,1155 1378,1156 1405,1159 1432,1161 1459,1164 1486,1165"
                         HEIGHT="122"
                         WIDTH="1217"
                         VPOS="1066"
                         HPOS="280">
                  <String ID="string_line_1615326748255_2707"
                          HEIGHT="122"
                          WIDTH="1217"
                          VPOS="1066"
                          HPOS="280"
                          CONTENT="Sin nego, vae miserum, muliebria pectora terrent"/>
               </TextLine>
               <TextLine ID="r1l18"
                         BASELINE="339,1204 388,1199 437,1195 486,1192 535,1190 584,1188 633,1187 682,1186 731,1186 780,1187 829,1188 878,1190 927,1191 976,1194 1025,1196 1074,1199 1123,1202 1172,1205 1221,1208 1270,1212 1319,1215"
                         HEIGHT="116"
                         WIDTH="995"
                         VPOS="1127"
                         HPOS="331">
                  <String ID="string_r1l18"
                          HEIGHT="116"
                          WIDTH="995"
                          VPOS="1127"
                          HPOS="331"
                          CONTENT="Nescia vindictę ponere corda modum"/>
               </TextLine>
               <TextLine ID="r1l19"
                         BASELINE="291,1263 344,1259 398,1256 452,1254 506,1252 560,1251 614,1250 667,1250 721,1250 775,1251 829,1252 883,1253 937,1255 991,1257 1044,1259 1098,1262 1152,1265 1206,1268 1260,1272 1314,1276 1368,1280"
                         HEIGHT="100"
                         WIDTH="1093"
                         VPOS="1199"
                         HPOS="283">
                  <String ID="string_r1l19"
                          HEIGHT="100"
                          WIDTH="1093"
                          VPOS="1199"
                          HPOS="283"
                          CONTENT="Quid faciam dubito. Male sanę gaudia carnis"/>
               </TextLine>
               <TextLine ID="r1l20"
                         BASELINE="341,1329 386,1324 431,1319 476,1316 521,1314 567,1312 612,1312 657,1311 702,1312 747,1312 793,1314 838,1315 883,1316 928,1318 973,1320 1019,1321 1064,1323 1109,1324 1154,1325 1199,1325 1245,1325"
                         HEIGHT="122"
                         WIDTH="919"
                         VPOS="1254"
                         HPOS="333">
                  <String ID="string_r1l20"
                          HEIGHT="122"
                          WIDTH="919"
                          VPOS="1254"
                          HPOS="333"
                          CONTENT="Alliciunt. Domini spiritus illa negat"/>
               </TextLine>
               <TextLine ID="r1l22"
                         BASELINE="298,1393 350,1389 403,1385 456,1383 509,1380 562,1379 615,1378 668,1378 721,1378 774,1378 827,1379 879,1381 932,1382 985,1384 1038,1386 1091,1388 1144,1391 1197,1393 1250,1395 1303,1397 1356,1399"
                         HEIGHT="114"
                         WIDTH="1074"
                         VPOS="1323"
                         HPOS="290">
                  <String ID="string_r1l22"
                          HEIGHT="114"
                          WIDTH="1074"
                          VPOS="1323"
                          HPOS="290"
                          CONTENT="Quid dubito, dominę malim quin esse rebellis"/>
               </TextLine>
               <TextLine ID="r1l23"
                         BASELINE="352,1451 401,1448 451,1446 501,1445 551,1443 601,1442 651,1442 701,1442 751,1443 801,1443 851,1445 900,1446 950,1448 1000,1450 1050,1452 1100,1454 1150,1457 1200,1459 1250,1463 1300,1465 1350,1468"
                         HEIGHT="106"
                         WIDTH="1015"
                         VPOS="1392"
                         HPOS="344">
                  <String ID="string_r1l23"
                          HEIGHT="106"
                          WIDTH="1015"
                          VPOS="1392"
                          HPOS="344"
                          CONTENT="Quam rigidam altisoni pertimuisse manum."/>
               </TextLine>
               <TextLine ID="r1l24"
                         BASELINE="293,1518 346,1514 399,1512 453,1509 506,1508 559,1507 613,1507 666,1508 719,1508 773,1510 826,1511 879,1514 933,1516 986,1518 1039,1520 1093,1523 1146,1526 1199,1528 1253,1530 1306,1532 1360,1534"
                         HEIGHT="119"
                         WIDTH="1082"
                         VPOS="1444"
                         HPOS="286">
                  <String ID="string_r1l24"
                          HEIGHT="119"
                          WIDTH="1082"
                          VPOS="1444"
                          HPOS="286"
                          CONTENT="Sicne Deus voluit, ne sit mea vita doloris"/>
               </TextLine>
               <TextLine ID="r1l25"
                         BASELINE="344,1572 389,1571 434,1570 480,1569 525,1569 570,1569 616,1570 661,1571 706,1572 752,1573 797,1575 842,1576 888,1578 933,1580 978,1582 1024,1584 1069,1586 1114,1588 1160,1590 1205,1592 1251,1594"
                         HEIGHT="117"
                         WIDTH="925"
                         VPOS="1512"
                         HPOS="335">
                  <String ID="string_r1l25"
                          HEIGHT="117"
                          WIDTH="925"
                          VPOS="1512"
                          HPOS="335"
                          CONTENT="Expers? ne liceat spe meliore frui?"/>
               </TextLine>
               <TextLine ID="r1l26"
                         BASELINE="285,1650 334,1645 384,1640 434,1637 484,1634 534,1633 584,1632 633,1632 683,1633 733,1634 783,1635 833,1637 883,1639 933,1642 982,1645 1032,1648 1082,1652 1132,1655 1182,1659 1232,1662 1282,1665"
                         HEIGHT="116"
                         WIDTH="1015"
                         VPOS="1575"
                         HPOS="276">
                  <String ID="string_r1l26"
                          HEIGHT="116"
                          WIDTH="1015"
                          VPOS="1575"
                          HPOS="276"
                          CONTENT="An semper nobis adversis fluctibus icta"/>
               </TextLine>
               <TextLine ID="line_1615326854392_2738"
                         BASELINE="354,1705 406,1702 458,1700 510,1698 563,1697 615,1697 667,1697 719,1697 772,1698 824,1699 876,1701 928,1703 981,1706 1033,1708 1085,1712 1137,1715 1190,1719 1242,1723 1294,1728 1346,1732 1399,1737 1415,1773 1435,1771"
                         HEIGHT="147"
                         WIDTH="1098"
                         VPOS="1646"
                         HPOS="346">
                  <String ID="string_line_1615326854392_2738"
                          HEIGHT="147"
                          WIDTH="1098"
                          VPOS="1646"
                          HPOS="346"
                          CONTENT="Naufraga in adverso flumine puppis erit?"/>
               </TextLine>
               <TextLine ID="r1l29"
                         BASELINE="295,1771 349,1769 403,1767 457,1765 512,1764 566,1764 620,1763 675,1764 729,1764 783,1765 838,1766 892,1768 946,1770 1000,1772 1055,1774 1109,1777 1163,1781 1218,1784 1272,1788 1326,1792 1381,1796"
                         HEIGHT="128"
                         WIDTH="1101"
                         VPOS="1707"
                         HPOS="288">
                  <String ID="string_r1l29"
                          HEIGHT="128"
                          WIDTH="1101"
                          VPOS="1707"
                          HPOS="288"
                          CONTENT="Num semper venient quae nos sine fine fatigent?"/>
               </TextLine>
               <TextLine ID="r1l30"
                         BASELINE="347,1835 390,1833 434,1832 478,1831 522,1830 565,1830 609,1829 653,1830 697,1830 740,1830 784,1831 828,1832 872,1833 915,1834 959,1836 1003,1837 1047,1839 1090,1840 1134,1841 1178,1843 1222,1844"
                         HEIGHT="131"
                         WIDTH="890"
                         VPOS="1759"
                         HPOS="340">
                  <String ID="string_r1l30"
                          HEIGHT="131"
                          WIDTH="890"
                          VPOS="1759"
                          HPOS="340"
                          CONTENT="O Deus ad casus respice quaeso meos."/>
               </TextLine>
               <TextLine ID="r1l31"
                         BASELINE="318,1909 377,1906 437,1903 496,1901 556,1899 616,1898 675,1897 735,1897 794,1898 854,1899 914,1900 973,1902 1033,1904 1092,1907 1152,1910 1212,1913 1271,1917 1331,1921 1390,1925 1450,1930 1510,1934"
                         HEIGHT="123"
                         WIDTH="1210"
                         VPOS="1832"
                         HPOS="309">
                  <String ID="string_r1l31"
                          HEIGHT="123"
                          WIDTH="1210"
                          VPOS="1832"
                          HPOS="309"
                          CONTENT="Parvus eram a patria procul, has ut vendor in oras,"/>
               </TextLine>
               <TextLine ID="r1l32"
                         BASELINE="341,1974 391,1972 442,1970 492,1968 543,1967 594,1966 644,1965 695,1965 746,1965 796,1966 847,1967 898,1967 948,1969 999,1970 1050,1972 1100,1974 1151,1977 1202,1979 1252,1982 1303,1984 1354,1987"
                         HEIGHT="115"
                         WIDTH="1028"
                         VPOS="1909"
                         HPOS="333">
                  <String ID="string_r1l32"
                          HEIGHT="115"
                          WIDTH="1028"
                          VPOS="1909"
                          HPOS="333"
                          CONTENT="Et sceleris tanti nomina frater habet."/>
               </TextLine>
               <TextLine ID="r1l33"
                         BASELINE="321,2052 372,2048 423,2043 474,2040 526,2037 577,2035 628,2034 680,2033 731,2033 782,2033 834,2034 885,2035 936,2036 987,2038 1039,2039 1090,2041 1141,2042 1193,2044 1244,2046 1295,2047 1347,2048"
                         HEIGHT="107"
                         WIDTH="1041"
                         VPOS="1973"
                         HPOS="313">
                  <String ID="string_r1l33"
                          HEIGHT="107"
                          WIDTH="1041"
                          VPOS="1973"
                          HPOS="313"
                          CONTENT="Prima tamen melior venit mihi cura doloris,"/>
               </TextLine>
               <TextLine ID="r1l34"
                         BASELINE="358,2113 409,2110 461,2108 512,2106 564,2105 616,2104 667,2103 719,2103 770,2103 822,2103 874,2103 925,2104 977,2105 1028,2107 1080,2109 1132,2110 1183,2113 1235,2115 1286,2117 1338,2120 1390,2123"
                         HEIGHT="105"
                         WIDTH="1047"
                         VPOS="2045"
                         HPOS="350">
                  <String ID="string_r1l34"
                          HEIGHT="105"
                          WIDTH="1047"
                          VPOS="2045"
                          HPOS="350"
                          CONTENT="Cum talem dominum Parca secunda dedit."/>
               </TextLine>
            </TextBlock>
         </PrintSpace>
      </Page>
   </Layout>
</alto>
