2000 2581
882 123 326 84 MARIA

438 121 1302 172 Quis tamen hic fuerit nobis, cui talia credam,

502 243 1039 116 Quisque mihi miserae mite levamen erit?

437 301 1036 123 Tu mihi solus ades, vigili quem mente revolvo,

511 385 906 107 O frater generis gloria summa tui.

453 440 1092 124 Te licet hinc absens specto, nec terreor inde,

495 531 1011 107 Quod subiecta tibi non satis ante fui.

451 591 1096 126 Illa dies nocuit, qua me dementia iussit,

520 674 837 114 Ut cuperem aequalis dicier esse tibi.

446 745 1110 122 Cumque ego foeminea nimium temeraria mente

502 817 919 111 Culparem mores frater amice tuos.

428 887 1166 130 Atque utinam mores tantum nec stulta Deorum

492 954 1054 136 Culpassem per te quae pia verba fluunt.

448 1036 1173 121 Hei mihi quid feci? quisnam mihi talia suasit

500 1113 1116 123 Crimina? quae sceleris causa nefanda fuit?

435 1187 1117 116 An tantum poterat muliebria corda movere

482 1257 1115 137 Quę thalamum scandit nigra colore tuum?

437 1339 1118 124 Cuius ego parvę culpae per crimina mota

487 1398 1075 134 Grandius admisi perfida facta scelus.

431 1491 1091 117 Scilicet hęc miseros mortales fata retorquent,

505 1563 1102 113 Ut maiora ferant, facta minora notent.

428 1620 1151 143 Quilibet alterius poterit repręhendere facta,

481 1727 1091 127 Sed sua quae fecit pars quotacunque videt?

435 1779 1217 139 Sic quoque quę nostrę non scibam crimina mentis

484 1866 917 118 In facto alterius tunc oculata fui.

444 1947 1097 112 Non mea cognoscens maiori pondere multo,

497 2003 963 130 Quę cruciat animum facta nefanda meum.

439 2090 1213 139 Impulit huc miseram non unquam recta docere
