2000 2581
850 108 411 91 BETHSABA

432 161 794 115 Consiliis Pharao iussu ductuque magorum

506 249 818 102 Incidit in Rubri saeva fluenta Maris.

444 303 981 100 Quid moror externis? en nostro crimine lęsa

506 364 906 118 Nunc habeo in luctus dona parata meos.

460 435 1038 108 Nempe mei nimium fidens in imagine vultus

502 499 786 123 Maxima quae cruciant inde pericla tuli.

454 578 1166 113 Forma bonum fragile est nec multos durat in annos

501 658 1010 113 Hei mihi sed fragile hoc quanta pericla dedit?

459 715 1149 130 Hinc mihi tristities, lachrymae, ploratus, amaror

511 805 962 118 Pectoris, hinc gemitus perpetuusque dolor.

459 886 1075 122 Hinc mihi, vae miseram, violati signa pudoris

507 953 797 115 Autore illicito pondera venter habet.

462 1035 1094 112 Hinc mihi barbarico procumbens ense maritus

510 1111 937 110 Inscius, hei, propter me sua fata tulit.

462 1175 1016 131 Chare marite iaces non tali funere dignus,

518 1267 954 112 Propter me miseram chare marite iaces.

450 1321 1065 117 Formidans hostes non proxima tela timebas,

502 1403 968 112 Quę tibi de propria missa fuere domo.

461 1474 1114 118 Formidans gladios per vultus munera nostri

501 1554 940 113 Eheu me miseram chare marite iaces.

463 1628 1181 118 Coniux chare vale quondam spes maxima nobis,

516 1685 1016 133 Quę nunc sum mortis maxima causa tuae.

454 1780 1300 130 Hei mihi quam magnum est luctus sine crimine ferre,

512 1843 1021 124 Ut dolet amissum nupta pudica virum.

461 1925 1095 120 Cum nullae illicitae perturbant pectora curae,

529 2015 1053 108 Cum gemitus castos tristia corda trahunt.

452 2080 1113 109 Quod si contigerit permixtus crimine luctus,
