2000 2581
370 109 1008 116 Vatidico rursum capiti Sol improbus instat,

415 194 961 111 Et movet igniferas luce calente faces.

355 253 923 123 Phoebeis radiis nimioque calore prophetes

440 318 1053 139 Languet et impatiens fata suprema cupit.

370 408 974 100 Quin etiam vitam contrita mente perosus

433 482 868 114 Optat sub mortis regna subire cito

346 534 1179 125 Et modo ( vęsanę tanta est audacia mentis )

435 619 1050 129 Impetit altisonum lingua prophana Deum.

422 678 1052 143 Cum rursus summo Dominus despexit Olympo

419 770 901 125 Et misero reddit talia verba viro.

300 843 1234 147 TANTA ne Iona subest tristi vęcordia linguae

434 936 973 108 Pectoris effrenis tanta libido tibi est?

363 1004 1113 112 Sicne mea incusas nimium temerarius acta?

416 1082 1008 130 Et tibi me contra cuncta licere putas?

350 1138 1285 136 Quod Nineven tueor tua mens commota dolore est

414 1243 929 109 Et tot vult una luce perire viros.

352 1308 1153 128 Sed quod planta perit, soboles vix unius horae

448 1396 1022 112 Tanta tibi rabies, improbe, corda movet.

319 1464 1262 135 Quod si tanta tibi est fruticem te amittere cura,

430 1555 1207 121 Quę tibi parvam umbra tegmine nata dedit.

377 1636 1222 127 Non mihi maior erit tantam subvertere luctus

430 1708 1051 123 Urbem, cum natis coniugibusque simul?

380 1786 1173 117 Quos ego progenui, quos dextro numine iuvi,

417 1864 1058 100 Queis dulcis vitae commoda tanta dedi?

360 1932 1163 135 Annon me iustum, sed miti pectore, nosti

416 1992 1023 147 Qui te, qui cunctos non periisse velim?

355 2087 1158 152 Dixit et intonuit coelo rex summus aperto
