2000 2581
277 145 949 107 Scis domina in quantis versentur saepe periclis

273 220 1124 100 Aulas qui procerum querunt atque agmina regum

263 273 1034 102 Et licet innocuę nulla insint crimina vitae

276 338 1058 83 Vix tamen invidiam diram saevamque cavere

275 385 1026 103 Possunt quin stulti subeant convicia vulgi.

284 450 1046 99 Quid fore tum speras animus si crimine tanto

273 516 1074 103 Obrutus accedat? vulgi quae murmura surgent?

212 568 1091 104 „ Nam velut in facie nęvus turpisve cicatrix

221 643 991 84 „ Arguitur citius, sic et si crimine princeps

224 687 1123 93 „ Pollutus fuerit, cuncti sua crimina cernunt.

229 745 1131 118 „ Sit tamen ut possit factum hoc crimenque latere

229 803 960 97 „ Ius tamen et leges nunc inquirantur honesti.

292 856 1065 102 Venditus e patria, longinquis ductus ab oris

289 911 1095 123 Infoelix veni, quem tum mercede redemptum

279 978 1056 110 Princeps, in famuli specie deduxit ad aedes.

284 1043 1075 104 Mox tamen indignum tanto dignatus honore est,

291 1100 1032 100 Ut dominum e famulo faceret curamque bonorum

278 1155 1011 96 Mandaret nobis, aedes et singula dextrae

274 1217 1028 100 Subiiceret nostrae, sed tu modo sola relicta es,

283 1275 1033 107 Ut propria huic esses coniunx castumque cubile

289 1337 1063 95 Intrares casta, haud etiam mihi corporis huius

290 1400 1043 103 Ius dedit, et tali num tu correpta furore

275 1456 996 106 Prodere regales thalamos sanctumque cubile

288 1506 892 104 Instituis servo? quae te dementia vexat?

285 1578 1028 104 Numque putas tantum meme committere posse

283 1631 1050 104 Crimen, ut ingratus thalamos conscendere heriles

280 1692 1082 111 Optem, et non licito maculare cubilia somno?

223 1746 1070 106 „ Sit licet in mundo nullus qui crimina tanta

216 1808 1172 118 „ Cernat, sed deus est vindex iustissimus aequi,

227 1876 1189 120 „ Lumine qui proprio mundum atque arcana tuetur

221 1920 1226 118 „ Omnia, nec poterit quisquam huius fallere mentem.

147 1987 1031 104 Talia non potuit mulier praecepta monentis

279 2043 1071 115 Accipere infoelix, quin mox hęc obstrepat illis,

277 2114 1068 126 Instat promissis simul et lachrymasque precesque

273 2178 1055 113 Admiscens trepida infausto luctatur amore.
