2000 2581
701 137 354 90 IACOBO

326 188 947 128 Nam velut hostiles cupiat qui perdere vires,

367 271 939 115 Sic sibi nunc hostem te putat esse suum.

329 342 971 109 Sępe ego pertimeo saevae ne turbine mentis

364 413 975 115 Percitus in patriam proruat inde meam,

322 481 1173 117 Ut te ( me miseram ) fratrem, mea viscera, perdat,

405 548 920 108 ( Non etenim Dominum, iura nec aequa colit. )

326 621 1060 121 Sępe ego ( confiteor ) metuo ne me improbus ille

368 697 971 117 Impetat, in matrem vix pius ipse suam.

321 776 1012 113 Nate, cave, moneo, nimium ne crede quieti,

372 847 1011 120 Hei mihi, vix hominis pectora frater habet.

80 905 1387 138 〈 Gen. 4 〉 Non moveat frater, fuit et Cain frater Abeli,

370 1001 946 97 Sed tamen a fratris concidit ille manu.

322 1069 1007 119 Quare huius caveas crudelia pectora fili,

368 1145 1053 113 Non frustra venient, quas dedit ille, minae.

305 1213 1158 131 Ah dolor, an natus, qui esset mihi tutus ab hoste,

356 1290 890 111 Cogitur, hei, fratrem pertimuisse suum?

316 1359 1009 117 Infoelix, saevo quid nunc sperabis in hoste,

363 1435 949 113 Si tibi germanus fata cruenta struit?

310 1503 940 102 Ah fuerat satius inimici vulnera teli

363 1571 890 110 Accipere, hostili vel cecidisse manu,

307 1646 1098 115 Quam nunc periuri fratris cum crimine vitam

364 1723 962 136 Perdere, ne vitio mors caruisse queat.

317 1794 1000 113 Hęcne mei fuerat constans sententia fati,

379 1879 897 93 Ut veniant vitae nulla secunda meae?

287 1930 1482 175 Naufraga num semper rapidis mea puppis in undis

341 2026 940 114 Non poterit portu commodiore frui?

305 2099 1077 130 Parva meam patriam ( sic dii voluere ) reliqui
