2000 2581
396 118 994 108 Cum non saeva videt de coelo fulmina ferri,

439 182 889 123 Et nusquam hostilis tela cruenta manus,

394 256 959 122 Tristia non usquam functorum funera duci,

459 337 961 119 Nec mala quoque alio dicta venire modo.

377 403 922 97 Et nunc luctifico cruciatur corda dolore

449 468 1369 183 Irato nunc sic increpat ore DEUM. 〈 Impatientia Ionae 〉

397 545 1084 122 Hęcne tuae veniunt constantia foedera linguae?

450 612 823 121 Sicne tuisque soles imposuisse viris?

375 699 1044 103 Ecce procul patriis per te sum missus ab oris,

434 771 847 116 Assyriis pugnas excidiumque ferens

377 843 1012 110 Et quoniam miti scibam te pectore, nec te

454 906 861 116 Perdere conversos morte solere viros,

401 992 912 106 Consilio volui certo per caerula ponti

437 1044 994 131 Effugere, et pondus non subisse grave.

392 1132 958 103 Ne forte externis non verax esse viderer,

436 1194 1061 117 Nec trepido vanas spargere in orbe minas.

394 1271 1015 104 Tu tamen e mediis extractum fluctibus huc me

441 1323 913 124 Mittis ut iniustis nuntia dira feram.

403 1411 925 114 Cur igitur video vero tua verba carere?

444 1479 894 107 Cur verus fatis finis abesse solet?

411 1560 1019 121 Nunc ego crudeli cupiam succumbere morti,

435 1631 947 132 Nunc cupio tenebris occubuisse nigris.

400 1714 1086 121 Nam quid vita iuvet falso deprensus ab ore

427 1778 826 121 Falsa peregrinis verba tulisse viris?

363 1862 982 133 Si tibi nunc aliqua est perituri cura prophetae,

407 1947 934 114 Me celeri facias morte perire, DEUS.

359 2019 1016 115 Ista furībundo dicebat pectore vates,

434 2095 922 124 Cum rursum omnipotens talia verba dedit.
