2000 2581
565 84 973 119 Quid mea commoto sic culpas pectore Iona

638 146 918 142 Iudicia? an iusti causa doloris adest?

569 210 1133 137 Cur reduces perdam? qui non sine numine sancto

644 295 899 119 Amissos mores restituisse student?

567 383 1125 106 His ubi commonuit vatem, mox altera rursum

627 451 1013 113 Signa parat, rigidum queis docuisse queat.

579 512 1004 116 Ut discat Dominum clementem perdere nolle

652 571 987 137 Qui sua non duro pectore iussa colant

480 661 1150 141 ECCE novum subito consurgit stipite germen

615 752 962 107 Et vati fesso crescit ut umbra siet.

229 801 1386 165 〈 Fruticis descriptio 〉 Dicere quod possis hederam, sed firmior illi

648 878 945 128 Caules et foliis latior umbra cadit.

570 956 1018 137 Illico quod crescens capiti circumdatur alto

641 1030 895 134 Ne possit vapidi solis obesse calor.

571 1104 1005 140 Illius utque umbra iam delectatur Ionas

627 1195 945 122 Et miri forma germinis usque stupet,

593 1251 1032 124 Nox venit et coelo decurrunt astra silenti,

642 1321 1032 139 Pręcipites Phoebus sub mare mittit equos.

591 1402 1090 110 Cum subito immittit vermem pia cura tonantis

624 1482 905 107 Funesto plantam qui cito dente voret.

572 1555 1098 121 Impetit hic sęvis radices morsibus imas

626 1624 979 107 Et nimium rapidis dentibus antra cavat

571 1699 1084 118 Illa perit moriens, in terram sternitur alte

621 1764 1079 125 Et cadit ut misso grandine spica solet.

561 1851 1052 112 Damna videns vates tristatur pectore toto

616 1930 946 100 Et rursum irata iurgia voce movet.

558 1995 1187 121 Hinc ubi flammivomus medio Sol constitit orbe,

628 2075 939 124 Siccus et arentes Syrius ussit agros,
