2000 2581
240 113 1128 156 Sic etiam mulier princeps sua vulnera cernens,

284 220 1150 120 Non studet ulterius solitis, non gaudia curat

289 301 1167 107 Pristina, nec recreant miseram modo dicta mariti,

295 375 1162 110 Gaudia non quęrit, solitos non captat honores,

284 447 1049 106 Sed semper puerum infoelicem spectat Ioseph.

286 515 1044 118 O quoties molli misera haec exterrita somno

295 580 955 106 Ingemit, et tristeis afflicto corde querelas

274 648 1052 110 Effundens proprium verbis incusat amorem?

221 716 1188 122 Hei mihi quam vęhemens coeco sub pectore flamma

281 787 1210 120 Aestuat ah miserae, quis me malus abstulit error?

279 858 1030 121 O formose puer, quis te succedere nostris

275 923 1200 127 Aedibus hei voluit? talem ut mea pectora flammam

284 995 1155 117 Conciperent tristem, magni mihi caussa doloris

289 1056 955 113 Illa dies nostris quae te primum attulit oris.

277 1134 1037 102 O utinam nunquam tu septemfluminis ora

292 1196 1074 114 Vidisses servus, nec clarae moenia Memphis.

277 1265 1190 114 Non mihi nunc tantus mea pectora carperet ignis,

281 1310 1051 119 Nec peterem infoelix dirae succumbere culpae.

284 1383 1195 110 Sephira, quid tentas? quo nunc tua corda furore

282 1442 1130 118 Insurgunt trepidae? quae te rapit impia flamma?

270 1515 1120 110 Evigila tandem sapiens, somnumque profundum

279 1586 958 92 Excute, non alii tibi nunc hymenei

280 1643 1094 114 Sperandi fuerint, te nunc connubia servant

280 1703 1162 118 Contracta, haud alium fas est sperare maritum.

267 1778 1161 106 Hei mihi quis casus, quae me fortuna manebit?

272 1849 1123 102 Hei mihi nunc quanto cruciantur corda dolore?

277 1906 1189 110 Non equidem ignoro quam sit mihi casta tenenda

287 1970 1077 123 Coniugiique fides copulatae et foedera dextrae,

272 2044 1127 120 Pectora at interius alius mihi commovet ignis,

269 2107 1192 132 Hei trepido infoelix, gelido mihi membra timore,
