2000 2581
674 101 218 84 MOSI

281 140 1067 143 Et per aquas salsas obruta turba natat.

231 217 1342 142 Haec ego cum recolo ( namque est meminisse voluptas )

323 299 1029 104 Succurrunt menti carmina dicta meę.

240 363 1231 138 Namque ego cum mersum regemque suosque viderem

337 455 972 114 Corripui celeri tympana rauca manu.

262 515 1130 137 Sunt comites aliae quotquot de gente sacrata

335 584 940 132 Transierant Rubri littora sicca Maris.

270 668 1118 125 Tunc ego flaventes capitis resoluta capillos

345 734 1108 136 Tympana curva sonans voce tremente cano.

276 816 1203 121 Cantabo domini meritos cum laude Triumphos,

318 891 1058 129 Et quae nunc victor pulchra tropęa tulit.

272 949 1322 149 Magnifico hostiles nam pressit robore turmas,

338 1047 993 119 Armatos salso gurgite mersit equos.

238 1123 1235 113 Nulla humana manus poterit par dicier illi,

342 1191 1114 120 Est Deus una salus, est mea cura Deus.

270 1255 1349 148 Spes mea sit dominus, laus, princeps, gloria, fama.

342 1352 1070 128 Est huic quae possit vincere dura manus.

193 1419 1313 144 Quid tamen hic opus est quae feci cuncta referre?

359 1511 900 109 Omnia non posset dicere tota dies.

280 1575 1197 136 Hęc ego dum recolo vana spe tempora fallens

355 1656 990 124 Concipio infoelix gaudia ficta mihi.

297 1738 1045 112 Et modo praesentem vestris me ludere castris,

364 1805 1001 144 Et puto me populo mystica verba loqui.

279 1877 1151 158 Forte sed aspiciens foedatum albedine corpus,

360 1963 865 140 Inque mea scabra lurida signa cuti.

300 2039 1126 157 Deiicio miseros pariter cum pectore vultus
