2000 2581
497 125 1135 120 Hei concussa rigent nec, quid faciamve loquarve

504 200 1019 117 Cognosco, coeca tectum est caligine pectus.

495 258 1002 101 At mihi non tales animi nec corda fuere

518 299 1058 129 Talia, cum nondum nostras formose videres

499 387 1027 123 Aedes, qui nostri vęhemens es causa doloris.

502 449 1168 108 Stulta, quid hei famuli potuit te flectere forma?

516 515 1169 105 Num peregre adductus tantum tua pectora movit?

506 572 1213 114 Hinc tibi quis fructus? quos hinc sperabis honores,

507 639 1017 109 Si servus dominę maculata cubilia scandat?

510 706 1073 99 At tibi quis luctus et quanta infamia vitae,

507 757 976 118 Ah veniet miserae, domini si perfida lectum

509 809 1139 132 Externo prodas, dextram thalamosque iugales.

513 893 1056 113 Conscius at nemo forsan tua crimina prodet,

505 958 1004 112 Atque diu tecto poterit cum crimine culpa

513 1020 1022 97 Cęlari tacite, nec erit, qui facta revelet.

451 1083 1110 105 „ Omnia sed tempus labens aevumque revelat

439 1143 997 117 „ Scilicet ipse deus sapiens qui cuncta tuetur

445 1213 1162 104 „ Non sinit ut tacite lateant mortalia facta.

524 1273 1039 114 Stulta quid hęc metuis? fama terreris inani.

520 1338 1124 117 Non quisquam fuerit qui non tua facta probabit,

509 1403 1153 116 Atque omnis nostrum mulier laudabit amorem.

513 1467 1131 113 Ecce etenim vultum placidum, quam plurimus olli

521 1532 1176 119 Oris honos? quanta est placido sub corpore virtus?

523 1601 837 102 Scilicet ipse deus summus mortalia curat.

523 1653 1035 100 Quid? nonne et dominus tali dignatus honore

511 1714 1249 113 Hunc amat? et metuis tantum mea Sephira amorem

306 1778 1241 118 proh Aequum? quae te miseram dementia vexat?

510 1844 1134 98 Forsitan at durus talem nunc spernet amorem

513 1906 1163 119 Atque tuam prodes magno cum crimine flammam.

520 1964 1125 110 Num poterit placidum dura inclementia vultum

526 2036 1036 112 Arguere? Haud talis animus, non esse videtur

518 2107 1083 112 Pectoris ingenium ut possit spirare furorem.
