2000 2581
332 131 1111 141 Mactant et Cererem promunt et pocula Bachi.

348 232 1163 127 Iamque frequens agnus viridis sub cespite campi

345 299 1108 128 Palpitat occisus cumque ipsis matribus haedi.

346 365 1275 127 Pars ovium scapulas nudant, pars mollia vellunt

357 448 1075 108 Vellera, mox alius quatiens de silice duro

343 517 1083 127 Excussam sicco nutrit sub fomite flammam.

336 589 1107 134 Hinc alii patinas, alii fumantia portant

355 667 1092 121 Verua, queis illi palpantia viscera torrent.

337 738 1167 126 Hinc viridi in campo patulae sub tegmine fagi

350 800 1182 129 Discumbunt hilaresque cibos et pocula sumunt.

342 882 948 125 Atque cibo satures dulci vinoque repleti

341 948 1082 121 Attollunt cantus et pulsant aethera voce.

291 1022 1079 125 Haec est illa dies niveo signanda lapillo,

345 1105 1132 113 Qua vacui curis, alacres, non iurgia patris

350 1167 1141 140 Horremus trepidi, nec nos male prodet Ioseph.

327 1251 1197 128 Dumque illi insano cantu et clamore feruntur,

331 1322 1280 139 En adsunt asinis mirrham resinamque ferentes

335 1386 1178 122 E Madian quidam, quos ut conspexit Iudas

344 1467 1315 144 Quis rogo nunc fructus ( clamat ) si morte dĕdatur

330 1528 1201 147 Frater, fraternum nostris manibusque cruorem

342 1611 1283 136 Fundamus saevas maculantes sanguine dextras?

339 1678 1218 134 Ast melius forsan fuerit nos parcere vitae,

326 1751 1325 137 Et iuvenem insontem peregrinas vendere in oras.

342 1835 1285 136 Sanguine tum vacuis liceat quoque carpere fructus,

347 1899 1260 159 Pro iuveni quoniam sit multa pecunia fratri.

276 1969 988 120 Ast alii sęvus postquam quae dixit Iudas

349 2033 1184 148 Percepere animo, cuncti sua iussa capessunt,

344 2105 1212 134 Arrident cuncti, non est, qui dicta refutet.

342 2193 1245 136 Ad puteum properant miserumque reducere fratrem
