2000 2581
687 115 225 95 MOSI

337 168 1050 126 Quae solet, invidiae mater iniqua trucis.

255 251 1152 118 Quę mea perstringens fallaci lumina virga

343 323 896 112 Infudit menti nigra venena meae.

262 392 1159 132 Tunc ego non quenquam poteram satis aequa tueri

344 476 987 104 Gratia tunc nostro lumine nulla fuit.

265 531 1138 129 Longius inde malum serpens succrevit in horas

327 611 1024 125 Et pestis longa semper adaucta mora est.

270 690 1019 104 Ambitio accessit tandem quae tollere cristas

354 764 936 128 Iussit, et in fratrem verba superba loqui.

277 830 1201 134 O utinam talis qualis nunc sum ante fuissem,

334 922 976 105 Non esset poenae conscia culpa meae.

294 979 1045 128 Tunc duro possem morbo vel tabe perire,

339 1059 1039 120 Sed ferrem immeritum fortius ipsa malum.

284 1139 1276 131 Nunc me poena gravat sed poenae causa pudenda

332 1216 991 134 Deprimit ingenti pondere corda magis.

278 1279 1179 149 Non me meta movet nostrae mors ultima vitae,

356 1362 1086 141 Sed quod, si moriar, mors quoque crimen erit.

273 1435 1207 138 Foelices nimium quotquot sine crimine matres

330 1523 892 115 Depressae Aegypti succubuere iugo.

261 1595 1161 152 Foelices nimium molles vaga turba puellae

341 1683 1065 115 Queis sine peccato contigit ante mori.

270 1750 1262 175 Quod si me miseram, quod vellem, fata tulissent

340 1842 1007 122 Nulla mihi tanti causa doloris erat.

275 1915 1241 180 Hei quantum fuerat meritis indigna referri,

331 2014 1050 117 Et poenam culpa posse carere meam?

278 2087 1220 143 Quod cum non liceat nobis sperare, quod, unum
