2000 2581
695 139 327 80 IACOBO

344 171 978 123 Cum peteres tantum non comitatus iter.

313 248 1025 115 Vix tantum luctus moestissima pertulit Eva

355 324 837 87 Dum vidit nati funera nuda sui,

305 384 1099 101 Quantum ego tunc fili te discędente ferebam,

360 452 1023 107 O lux per lachrymas usque gemenda meas.

318 515 1182 104 Nam quid tunc facerem, cum qui solando iuvare

367 564 978 115 Me posset, rapto te mihi nullus erat

300 644 991 99 Et quo debueram nato sperare salutem,

369 692 957 120 In luctus esset maxima causa meos.

323 772 1135 111 Hei mihi quis dolor est, cum te pie nate recordor,

359 845 826 110 Et lucem quae te sustulit atra mihi.

330 923 1015 109 Ut tecum progressa foras moestissima vultu

356 985 825 117 Singultu ceptos impediente sonos.

324 1051 1035 108 Cum praecepta darem, quonam tibi tramite vita

344 1128 944 108 Deducenda foret, quove tuenda modo.

303 1187 939 115 Ah quoties fueram quae saepius ante locuta

355 1257 918 111 Reppeto, quo verbis sit mora longa meis!

304 1320 1039 108 Hei mihi, quam lingua nimium titubante timore

349 1393 894 101 Dicere vix potui tristia verba Vale?

327 1460 993 120 Cum faciem vero non possem, terga videbam,

349 1515 880 121 Atque oculis gressus sum comitata tuos.

305 1594 925 107 Amplius ut vero non posses lumine cerni,

349 1667 1029 114 Hei mihi, discessit mens mea maesta procul.

305 1727 917 110 Tunc tenebris ortis defeci lumine toto,

349 1801 895 115 Et vix me famulae sustinuere duae.

311 1874 1117 121 Utque domum redii vacuum ceu cerva sub antrum

371 1950 874 109 Cui rapuit foetus torva leęna suos

318 2018 1166 122 Tunc demum surgunt luctus, pia cura, dolores

351 2083 1039 135 Et facit ut recolam pristina multa, locus.
