2000 2581
850 97 398 98 SEPHIRA

472 139 907 126 Accipias placidus, vultu depelle rigorem.

535 220 844 101 Sic faveant ceptis fata secunda tuis.

485 411 1081 110 Me movet ille tuus placido cum corpore gestus,

536 473 900 109 Me movet egregius qui nitet ore pudor.

483 528 975 108 Si dominam potuit servilis forma movere

532 598 985 115 Non famulum dominę verba movere queant?

497 669 1031 98 Nec tibi turpe putes nostro succumbere amori,

553 727 880 92 Turpius est tanto cedere nolle Deo.

504 801 1036 122 Ipsa etiam ( fateor ) volui me opponere primum,

544 861 779 102 Conatus tamen hic noster inanis erat.

474 918 1010 119 Ah quoties iacui longis ego noctibus aegra,

535 985 992 97 Languida carnivoro corda dolore necans.

487 1053 1068 94 Sępe mihi dixi, Quin hęc male cepta relinquis,

545 1120 1010 99 Quidve tuam quęris prodere stulta fidem?

485 1184 1075 114 Sęphira dum poteris cepto te oppone furori,

531 1252 1040 97 Dum poterit morbo certa medela dari.

502 1315 1034 107 Num dominę corpus servo succumbet egeno?

542 1377 962 113 Tune peregrini turpis adultera eris?

490 1443 1001 114 Te genuit pulcher quo ludit Nilus in orbe,

541 1515 1100 111 Huic patria heu longe a terra remota tua est.

469 1571 1021 110 Stulta tuam vitam peregrino credere servo

541 1640 1052 110 Non dubitas? finem Sephira stulta vide.

392 1701 1147 113 „Certus amor non est servorum, callida semper

399 1759 1024 122 „Illorum mens est et fugienda fides.

473 1830 1299 118 Quis scit an hunc precibus possis lachrymisque movere,

537 1898 1020 103 An tibi det victas in tua vota manus?

490 1955 1080 128 Quod si nec precibus cedat, ceptisque repugnet,

537 2036 1056 110 In dubio ( an nescis? ) vita futura tua est.
