2000 2581
466 140 1158 136 Hei quoties gemuit fratris dum incommoda chari

481 224 1166 124 Comparat ad curas tristes lachrymasque parentis.

478 296 1253 131 Iamque ŏdit et campos, sceleris quoque conscia prata,

468 372 1176 128 Et fugit infoelix fratres coetusque furentum.

407 443 1199 131 Ast illi campos repetunt, teneramque capellam

479 508 1219 132 Ah duri mactant, calidoque in sanguine vestem

479 587 1229 121 Fraternam tingunt, tepidoque cruore madentem

472 646 1254 132 Dillacerant, scissam genitorem ad ferre parati.

485 719 991 124 Iamque faces solis medio de vertice coeli

474 790 1153 120 Discessere procul, celsis de montibus umbrę

483 862 1169 127 Maiores recidunt, teneri sub matribus agni

486 931 1138 116 Balantes astant turgentia et ubera sugunt.

487 997 1148 127 Mox alius situlas amplas et pastoralia ubique

486 1067 1205 117 Arma legens condit Cerealia munera sacco.

487 1139 1091 121 Ast alii sylvas adeunt atque arva, gregemque

481 1200 1203 122 Dispersam quaerunt, alius cum murmure cornu

500 1277 1175 117 Convocat errantes, et pastoralia cantant

500 1344 1240 123 Carmina, nec fratris volvunt incommoda mente.

493 1408 1161 116 Ut serus tandem Phoebus in montibus ipsis

496 1483 1264 115 Constitit et noctis tenebrosa crepuscula surgunt,

482 1549 1396 138 Ad patrias veniunt aedes, vultuque dolorem

473 1623 1181 123 Astuti fingunt, lachrymas ( mirabile dictu )

479 1698 1222 118 Interdum fundunt, quo possint crimina tanta

491 1766 1203 119 Cęlari melius, fictumque dolum praetexere culpae.

448 1842 1161 120 Sed pater ut gemitus audit fictasque querelas

491 1900 1120 132 Infoelix trepidat, nam mens praesaga futuri

485 1978 1291 124 Aestuat et curis gravibus sua pectora complet.

460 2036 1243 127 Est tamen ignarus timeat quid, quidve tremendo

478 2112 1130 111 Formidet tristis, coeca formidine pectus

493 2185 1211 122 Carpitur ah tremulum, nec enim illo tempore natos
