2000 2581
656 132 298 85 DAVIDI.

331 169 844 131 Pascens virginea fallere voce diem,

257 242 1214 132 Quam modo purpureo splendens mea corpora amictu

328 339 912 103 In magnis opibus magna pericla pati?

278 390 1041 133 Simplex rusticitas nostrę pars optima vitae

328 472 972 107 Non experta mali, fraude dolove carens.

275 530 1086 133 Aula domus luctus nostrae pars pessima vitae,

328 619 932 104 Non experta boni fraude dolove valens.

287 684 964 120 Hei mihi quos vidi, quos sensi corde dolores?

335 744 987 156 Non tot habet radians sydera pulchra polus.

284 817 1123 154 Omnia nonne meis thalamis quae prima fuere

332 907 974 114 Sanguinea ( miseram! ) facta fuere manu?

274 958 935 142 Hostibus obiicitur nobis promissus amator

313 1050 906 133 Divitiasque meae dotis ab hoste petit.

280 1115 1047 162 Sed bene successit victor cum laude reversus

335 1211 906 123 Me tanti meriti munus habere cupit

264 1251 1102 168 Dat pater invitus, sed cum se opponere pactis

327 1339 1106 169 Non queat, inde tuę spem necis ipse capit.

276 1411 985 137 Hei quoties in te crudelis lancea missa,

331 1490 957 133 Hei quoties socero vita petita tua est?

266 1562 1109 138 Quin etiam frater ( tanta est vęsania mentis )

346 1644 961 114 Vix poterat patris salvus abire manu.

254 1715 1109 153 Ah quoties noctis memini, cum quęrere missa

327 1783 975 126 Assidet ad limen barbara turba tuum.

255 1865 1067 151 Cum tibi foemineae delapso robore dextrae

306 1945 1050 140 Exhibuit patulam summa fenestra viam.

248 2010 1132 162 Quanta tuli infoelix furibundi iurgia patris,

314 2094 1001 150 Elapsum rursus cum videt esse sibi.
