2000 2581
616 127 717 83 IOSEPHUS SEPHIRAE

525 186 893 111 Ut veniant famę damna pudenda tuae.

468 244 1023 110 Te moveat dominus qui te confidit in una

531 302 831 111 In te cor expers suspicionis habens.

477 366 1050 104 Sancta fides moveat lectis praefecta maritis,

523 432 839 113 Et pietas sancta relligione gravis.

470 487 1076 117 Ac honor ac celeris crescentia murmura famae

539 549 913 116 Te moveant clarae pignora chara domus.

475 616 1046 109 Te moveat mens hic quo me fortuna labore

535 682 924 112 Exercet vicibus proh male fida suis.

469 754 1031 108 Nec dominum coeli tantis ignoscere ceptis

531 819 1047 107 Credito, qui mundi sceptra tremenda tenet.

470 883 948 109 Quid faciat falso cantatus Iuppiter ore

560 955 953 112 Vatum, non moveat credula corda tibi.

474 1013 997 110 Talia nam gaudent falsi cecinisse poetae

532 1075 897 125 Exosa a superis turba prophana Deis.

497 1155 1034 105 Tune putas ( quae te miseram dementia vexat? )

539 1226 813 97 Casibus humanis succubuisse Deos?

482 1283 1122 105 Ne te decipiant, caveas, male carmina sana,

541 1351 1019 112 Carmina corruptis prodita ab ingeniis.

491 1411 1061 131 Te potius moveat summum qui fortis Olympum

557 1481 1045 99 Continet, et cuius sub pede terra tremit.

498 1544 1067 129 Iuditium hic cunctis aeque dispensat et acres

555 1607 906 116 Pro factis poenas exigit ille malis

472 1685 978 111 O foelix tanti qui iustus iudicis ora

539 1748 919 115 Lumine non timido sustinuisse potest.

505 1821 1080 111 Hanc tu si cupias animam cum corpore salvam

540 1886 948 103 Fac timeas, huius fac pia iussa colas.

483 1956 1010 111 Hic tibi pro pietate bona sua praemia reddet

561 2017 921 151 Pro stupris poenas suppliciumque dabit.
