2000 2581
704 133 335 95 IOSEPHO

324 188 1128 112 Aut quoties famulis dominum permixtus adibas

403 270 818 101 Optavi sexum vertere posse meum.

330 322 960 104 Aut ubi conservos video colludere tecum

399 377 875 115 Hei mihi conservam me precor esse tibi.

335 434 961 127 Denique quicquid agis capiuntur lumina nostra

389 523 847 107 Et mutas ceptis pectora nostra tuis.

346 579 1016 110 Sępius ipsa mei iam pene oblita pudoris,

389 649 801 105 Me volui mediis inseruisse viris.

366 705 1092 108 Omnia mulcenti cum gaudent corpora somno

398 771 892 114 〈 *––– 〉 insomnem cruciat lenta cupido tui.

266 838 1172 117 At ubi formosos Titan secum exhibet ortus

401 889 982 123 Cum solito luctu pristina cura redit.

340 970 1086 111 Iamque mihi languent artus, iam pallidus oris

383 1035 1105 119 Est color, et macie languida membra crepant.

326 1100 1045 103 Quid sinis afflictam tantis incurrere curis?

380 1166 1089 117 Quin dabis hei miserę pharmaca lęta mihi?

328 1233 1068 110 Numque parum ducis nostris non cedere votis?

382 1295 760 109 In nobis vires experiere tuas?

327 1351 965 115 Te rogo materia meliore ut fortior esse

396 1440 956 91 Unde, velis, veniant nulla dolenda mihi.

338 1487 998 121 Turpe tibi fuerit muliebrem perdere sexum.

362 1563 921 106 Quolibet est puero gloria et illa minor.

331 1632 981 103 Te decet eximium generosi corporis huius

366 1698 962 103 Robur in alterius velle probare malo.

322 1739 1173 146 Quid tibi mentis erit tunc, cum me morte peremptam

391 1827 824 102 Videris et causam te necis esse scies?

329 1871 1117 125 Nam nisi succurras spes non est ulla relicta,

354 1952 975 116 Stat vitam celeri pellere morte gravem.

324 2019 1068 116 Tune feres nostre titulum te mortis habere?

372 2090 923 113 Nostra oculis siccis fata videre queas?
