2000 2581
291 100 1094 145 Aggressi tandem profugum doctumque prophetam

386 179 762 120 Iniiciunt mediis praecipitanter aquis.

291 217 1494 223 Et lachrymas fundunt tristis solatia casus, 〈 Ionas eiectus a coeto excipitur. 〉

354 324 940 137 De puppe eiectum nam periisse putant.

219 392 1173 129 ECCE natat saevi ( mirandum ) bellua ponti

361 475 919 127 Et patulis pandit faucibus ora ferox,

305 538 968 138 Eiectumque rapit diducta fauce prophetam

376 623 887 120 Integrum et illęsum devorat ore virum.

318 693 1062 133 Hic veluti in barathrum coeco demersus averno

387 763 867 135 Per coecas cecidit viscera in ima vias.

319 835 974 114 Et, mirum, vivit, non sęvis dentibus illum

385 908 887 120 Perdidit insani bestia magna maris.

328 977 1049 123 Nec motus quoties crudeli est corpore coetus

384 1051 950 121 Visceribus sensit damna nociva cavis.

328 1112 1365 136 Nec quoties salsos hauriret gutture fluctus

367 1186 1093 138 Est nimiis mersus coecus Ionas aquis.

187 1261 1196 128 „ Discite mortales non desperare dolendo,

194 1332 1333 128 „ Qua minime credas, hinc venit alma salus.

316 1411 1152 120 En etenim in medio mortis nunc vivit Ionas

382 1479 886 132 Et summi sentit robora sancta Dei.

331 1529 1462 212 Nam modo quae casum lux tertia forte secuta est, 〈 Ionas a coeto exponitur. 〉

378 1634 1051 125 Impulit ad terras monstra marina novas.

361 1699 1068 144 Coetus ut has sensit rictus diduxit apertos,

378 1777 1019 123 Eructans vivum littora in alta senem.

327 1859 1142 135 Constitit hic coeco e se cernens gutture salvum

367 1932 900 127 Et videt altisoni praevaluisse manus,

289 2010 1088 121 Et modo vix credit miranda pericula casus

367 2076 1039 143 Et dubitat somnus factane vera sient.
