2000 2581
813 99 370 87 DALILA

426 149 912 112 Fallere credentem sed ficta voce puellam

491 174 977 172 Dic mihi num quicquam laudis habere potest?

426 292 1079 131 Quis non virginibus posset spe illudere falsa?

503 384 992 118 Quis non foemineo verba dedisse gregi?

435 444 1198 139 Credula turba sumus nec tantis fraudibus aptae,

503 521 1082 122 In quas, me miseram, turba parata virûm est.

459 586 1126 130 Hei quoties strepitum si forsan summa fenestra,

511 668 910 107 Ianua vel vento nostra movente dedit,

432 728 941 127 Attollo caput et nobis te credo redire

512 814 909 123 Concipiens animo gaudia falsa meo.

427 872 1177 145 Quid promisse Deo, patriae laus summa moraris?

520 963 1044 126 Cur sunt cunctantis tempora tanta morae?

435 1035 1093 140 An metuis, ne te forsan mea patria perdat,

502 1107 1069 131 Et nostro in laqueos captus amore cadas?

433 1187 1107 129 Frivola non timeas nec enim formidinis ulla

514 1257 1059 147 Causa est, non aliquis quem verearis erit.

433 1314 1047 145 Quis tibi victori tanto vertigine mentis

518 1409 916 131 Vęsanae insidias composuisse volet?

435 1484 1221 143 Quis petat eximium caput hoc quod forte leonis

499 1571 963 127 Non primis annis ira repressit atrox?

441 1635 1117 136 Qui segetes nostras coniunctis vulpibus olim

494 1705 871 143 Ussisti et leto corpora mille dabas,

452 1789 1079 128 Qui modo rupisti Gazęas robore portas,

501 1870 1172 147 An dubitas nostras vincere posse fores?

449 1971 1310 137 Quis timor ille novus? quo nunc audatia fugit?

501 2048 1185 126 Nunc ubi sunt forti parta trophęa manu?
