2000 2581
599 100 986 132 Et timidas puppes summa sub astra levant.

416 187 1091 128 Rursum diducto iam fiunt aequore valles

610 259 1017 124 Et timidas puppes Tartara ad ima trahunt.

550 334 1087 130 Iam largi gelida funduntur grandine nimbi,

615 410 798 107 Aether eliso nubilus igne micat.

537 459 1081 139 Quassatas laterum tabulas iam verberat unda,

631 549 1068 123 Iam tonat horrendis ventus et unda sonis.

575 623 1007 131 Iam crepitant remi, clavi tortique rudentes

622 673 905 140 Occultant mersas caerula salsa rates.

566 762 1017 128 Exoritur clamor trepidantum, mortis imago

639 835 897 133 Undique, percellit pectora moesta timor.

592 916 1322 134 Ipse ratis rector, navem qua dirigat arte

641 993 890 122 Inscius abrepto corda pavore stupet.

558 1061 965 127 Eiiciunt alii mergendae pondera navis

620 1145 969 122 Et Tyriis fallax mercibus unda scatet.

600 1226 1044 107 Invocat hinc varios quisquis, sua numina, divos

610 1292 960 104 Et vovet incertis non bene vota Deis.

556 1348 1159 150 Astaroth hic clamat, stultum vocat ille Dagona,

611 1419 923 133 Alter Neptuni numina vana rogat.

591 1490 1149 137 Non tamen accipiunt tam frivola munera Divi

616 1572 959 125 Nec Deus impuras accipit aure preces.

525 1637 1309 145 Quo magis hi clamant surgit magis indique Pontus

631 1707 898 137 Nec vota his possunt eripuisse malis.

586 1785 1367 139 Solus Ionas abest ( vix hoc mihi credere fas est )

606 1866 1190 148 Occupat hunc sparsus membra per alta sopor.

595 1938 1137 139 Vocibus hunc rigidis navis qui sceptra regebat

640 2019 870 146 Increpat, in somno desidiose iaces?

588 2085 1036 170 Surge tuumque Deum sublimi voce precare
