2000 2581
510 105 1006 145 Nec modo perpendit quanta sit laude superba

571 178 991 130 Urbs, sed nubicogae quanta sient.

160 260 1214 205 〈 Ionas Nineven ingreditur. 〉 Ingreditur portas lateque patentia tecta

567 307 1018 147 Et vigili lustrans lumine cuncta videt

509 402 1036 118 Miratur niveo constructa palatia Regum

567 458 1091 133 Marmore, miratur compita, templa, vias.

549 547 1065 110 Nunc spectat firmo surgentes aggere muros,

598 608 1108 110 Nunc virides stupida mente revolvit agros.

524 679 1140 117 Mox tamen hos cernens in crimina sęva ruentes

582 747 953 143 Infandis vitiis perdita cuncta videt.

502 821 1093 158 Hic inopes spectat contrito corde gementes,

593 916 771 109 Infames luxus illicitosque thoros.

523 969 904 126 Et iustas sentit divini pectoris iras

592 1043 898 121 Nec Dominum vanis intonuisse minis.

517 1113 1208 133 Hinc fora summa petit, qua maxima concio vulgi

598 1187 1046 128 Constitit, et mediis se inserit ipse viris.

574 1268 938 128 Cives mirantur stupidi quae nuncia portet,

634 1351 972 118 Nam procul externa gente venire vident.

539 1411 1096 127 Hic medius celebri vulgi spectante corona

612 1488 971 141 Talia de sancto pectore verba dedit.

165 1565 1417 207 〈 Concio Ionae 〉 EXAUDITE viri Nineves, quae fundere verba

598 1629 1053 147 Me iubet astripotens, quae modo fata feram.

534 1730 1120 128 Vestrorum penetrat scelerum sub nubila clamor

582 1812 1042 117 Et videt immensus crimina vestra DEUS.

502 1870 1042 150 De vestra ad Dominum suppressi fraude queruntur,

612 1955 838 138 Hic horum facili percipit aure preces.

553 2033 1105 116 Non vobis Dominus tribuit tot munera vitae,

575 2100 866 149 Nec vos divitiis praevaluisse dedit
