2000 2581
620 136 941 75 AD D. HEINRYCHUM BULLING:

691 220 720 50 GER MOECENATEM SUUM

810 280 520 91 Rodolphus Gualtherus.

418 322 1000 130 Mittimus informes foetus et carmina dura,

525 413 930 87 Qualia nunc tenuis nostra Camoena canit.

427 479 1014 92 Non licuit nobis lambendo fingere pulchros

517 537 951 90 Artus, nam tempus cum brevitate nocet.

445 597 1005 88 Si tamen hęc animo grato coepisse videmus,

517 658 883 81 Forsitan ipse tibi tum meliora dabo.

445 710 1010 107 Bullingere pater, nostros tibi mittere lusus

511 777 953 93 Non vereor, quoniam corda benigna tenes.

458 843 1033 88 Nec nostrę spernes, credo, primordia Musae,

509 898 1027 97 Quę cano dum a patriis nunc procul erro locis.

466 960 1027 97 Vidimus a tenui spumantia flumina rivo

513 1024 964 103 Surgere, tum parvis gratia saepe subest.

452 1084 942 92 Sic etiam nostrę fortassis crescere Musae

513 1145 962 90 Cum studio poterunt, si Deus ipse velit.

451 1205 1014 95 Interea ast humili carmen mihi luditur arvo,

513 1264 1002 108 Nunc humeri nostri grandia ferre negant.

459 1327 986 107 Tu tamen a curis magnis aliquando quiescens,

503 1396 952 87 Haec mea non aegra carmina mente legas.

459 1450 994 110 Immemor atque tui ne sis pater alme Rodolphi,

510 1521 987 94 Lausannę quem nunc moenia clara tenent.

442 1582 1028 104 O utinam liceat meritis maiora referre,

527 1641 983 109 Sed non hoc nobis tristia fata ferunt.

462 1708 1036 104 Tu precor ut vivas casta cum coniuge foelix

511 1772 977 94 Annos Nestoreos, tempora lęta videns.

453 1835 1026 112 Foelicem videam sancta te prole parentem,

509 1906 984 112 Splendida quae post te patria signa ferat.

442 1966 814 112 O valeas divi verbi doctissime praeses

497 2031 1048 114 Et vivas nostri tempus in omne memor.

727 2108 563 118 15 Cal. Mart. 1540.
