2000 2581
680 116 282 69 DAVIDI.

282 163 1029 120 En tibi qui viduam tristem soletur et omni

374 238 953 133 Exhilaret lusu, crede, maritus adest.

304 330 1065 108 Et quae magnanimo fueras cum milite nupta,

388 383 997 136 Siste modo lachrymas, principis uxor eris.

299 460 1032 143 Dixisti teneraque mihi das oscula lingua,

377 553 1017 120 In tenebras pariter somnus et ipse fugis.

304 622 1152 136 Evigilans trepido, repetitaque spectra revolvo

382 713 1014 122 Atque ea quae vidi vix puto habere fidem.

316 770 1132 140 Inque novas lachrymas rursum resoluta dolendo

394 851 1005 122 Quę restant noctis tempora tristis ago.

75 922 1387 130 Lux erat et tepidis tollo mea corpora stratis.

399 1007 983 137 Cumque gravi gemitu talia verba loquor.

331 1082 1283 139 Bethsaba quid tentas? quidnam sibi somnia portant

391 1163 976 113 Somnia in aeternum non habitura fidem.

322 1228 1168 152 Hei mihi quam blandus nobis quam mente benigna

388 1314 1019 134 Occurrit regni qui data sceptra regit.

303 1378 1258 135 Quid quod promisit nimium constantia magno

381 1460 1120 161 Munera, que nulla spe valuisse queant.

340 1539 1201 151 Credula quid noctis tenebrosae somnia versas?

391 1615 1124 153 Hęc nisi desipiens quis fidem habere putet?

322 1695 1213 149 Hęc ego cum tristis volvo mea pectora motu

393 1784 1028 145 Alterno quatiunt spesque timorque simul.

320 1846 1123 158 Da veniam fassae, non est fidutia tanta,

393 1938 1054 122 Quod tamen hęc tristis cogito, cura facit.

337 2013 1098 127 Hei mihi quis speret me tecum foedere iungi,

407 2092 940 131 Sufficiat famulas inter adesse tuas.
