2000 2581
776 127 430 93 IOSEPHUS

418 172 977 103 Et Deus adiuvit mea tristia vota dolentis,

475 243 852 107 Et sumpsit nostras aure patente preces.

427 307 977 115 Hinc placido coram domino mihi gratia parta est

482 375 901 109 Omnia quod curae crederet ille meae.

450 436 1129 125 In me tota domus ceu fulcro nititur uno,

490 503 929 95 Me veluti dominum suspicit illa suum.

444 562 934 109 Nec tamen hoc merui, domini sed gratia fecit,

491 615 972 127 Hoc a quo nobis munus honoris adest.

449 689 1116 117 Tu sola excepta es thalami spes maxima herilis

495 755 954 103 Gaudia quam voluit Putiphar esse sua.

445 823 1056 117 Tene igitur possim lecto coniungere mecum,

506 891 943 96 Aut castum domini commaculare torum?

427 955 1089 119 Non est, crede mihi, non est fallacia tanta,

526 1019 904 127 Ut servus domino perfidus esse velim.

425 1090 965 128 Disce meo exemplo socialia iura tueri

507 1132 1002 134 Et castum a servo disce tenere torum

437 1211 947 121 Turpe tibi fuerit promissam fallere lecti

506 1274 1060 126 Quam cupiat sanctam servus habere fidem.

438 1348 1162 112 Sunt tibi ( confiteor ) clarissima munera formę,

511 1419 1021 110 Est tibi quem possint vultus amare proci.

443 1484 1144 103 Et mirum fuerit dominę non cedere votis

515 1547 953 108 Servum postrema conditione virûm.

448 1611 1000 110 Et solet hic foelix nimiumque beatus haberi

518 1668 926 111 Qui dominę possit servus amore frui.

447 1740 1081 103 Ast alius potius fiat cum crimine foelix,

530 1801 965 115 Quam domino fallam perfidus ipse fidem.

426 1871 1172 117 Da veniam non est tanti tua gratia formae

534 1929 1022 126 Pulchrior hac quin sit cum pietate fides.

448 1999 1110 120 Tu tua lugebis confecto in corpore damna,

528 2061 952 126 Tu speculum dices fallere posse tuum.
