2000 2581
503 110 1079 142 Coniugis, accedens luctum caussasque requirit.

503 198 1097 99 Hęc faciem tollens lachrymis sic fatur obortis.

448 257 1006 118 Oh decus egregium, nobis columenque domorum

512 325 1064 95 Adduxti famulum nuper mercatus Hebręum

503 385 1007 99 Qui modo vesanus nostri correptus amore,

507 425 1082 129 Proh pudor, invasit miseram, castumque cubile

516 509 1048 110 Scandere tentavit precibusque et viribus usus.

509 566 1084 116 Nunc etenim invitae, postquam non vincere verbis

509 642 1092 106 Quivīt, arripiens voluit violare pudorem.

517 700 996 102 Sed luctata diu, famulos clamore vocavi

510 768 1101 111 Ad quorum adventum confugit territus ipse,

522 837 1127 103 Hoc norunt famuli, sed et huius conscia vestis

520 901 1100 120 Quam scelus ingratum fugiens nunc inde reliquit.

446 950 880 107 Exarsit dominus crudelia crimina servi

513 1024 946 109 Percipiens, lachrymans illi quae dixerat uxor

521 1088 1185 131 Iamque rubet vultus, iam flammas lumina spirant

506 1152 957 113 Exacuit dentes velut ira percitus aper.

497 1215 933 113 Et modo si praesens esset laniare paratus

512 1291 952 100 Insontem, tanto exagitantur corda furore.

519 1347 1144 121 Hinc addit stimulos coniunx et sponte furentem

528 1406 1070 133 Incitat, et tandem cecidere cupidinis ignes,

511 1476 971 103 Et flammas coecas odiis mutavit et ira.

520 1537 1088 124 Mox iubet adduci miserum, quo digna rependat

535 1603 1045 104 Supplicia infoelix, lachrymis et coniugis ira

517 1670 1006 98 Deceptus dominus nimium cui credidit amens.

519 1728 1079 114 Adductus tandem lachrymans advenit Ioseph,

522 1800 1020 105 Atque animo tacitus cŏgitat, quo crimina possit

473 1858 1086 110 Excusare modo, nec scit quae fata manerent.

443 1925 1046 101 Hunc ubi conspexit venientem Putiphar altis

529 1988 1038 110 Vocibus exlamat, Quę te, proh, perfide tanta

518 2047 998 105 Exagitat rabies? quae te dementia vexat?

528 2106 1096 122 Proh scelus infandum, nostrę violare pudorem
