2000 2581
699 187 662 120 IOSEPHUS SEPHIRAE

485 266 1005 152 Protinus ut tremulę visa est mihi littera dextrae,

497 379 928 89 Quę mihi certa tuae nuntia mentis erat.

471 431 858 114 Insolitus subito concussit pectora terror,

511 502 796 99 Vertice in attonito dirriguere comae.

455 543 1043 123 Nec lecturus eram quam primum intentio visa est,

510 630 785 100 Ne quis consortem diceret esse tibi.

462 684 1008 114 Haud aliter timui quam si quis mortis amaras

510 748 844 109 Poenas expectat carnificisque manus.

458 801 1005 108 Omnium et in nostris credebam vultibus ora,

524 874 870 99 Solus et in tuto vix mihi tutus eram.

457 938 1037 112 Ah quoties repetita volens percurrere scripta

494 999 753 106 Defeci tortus corda dolore gravi,

464 1059 1010 121 Sed tamen hęc legi, possem ut meliora referre,

517 1125 940 118 Utque tibi de me prompta medela foret.

471 1187 1061 112 Non dubito, metuis tibi, ne contraria scribam,

519 1259 947 112 Scriptaque sollicita nunc mea mente leges.

498 1315 918 126 Perlege, sic duro detur medicina dolori

518 1380 932 127 Sic quoque sint vitę prospera fata tuae

483 1451 1061 124 Inspice quid tentes, quae sit sententia mentis,

540 1513 907 112 Quis sit conatus consiliumque tibi?

483 1579 1082 96 Quid petis, infoelix, castum temerare cubile,

535 1644 987 112 Atque datam domino prodere stulta fidem

474 1705 1062 114 An tam parva putas promissi foedera lecti

533 1775 926 109 Ut famulo hęc vili prostituisse velis?

482 1827 988 134 Anne putas nullo recti me laude teneri

543 1908 947 109 Ut tantum possim sustinuisse nefas?

499 1966 1140 121 Quod si nulla movent proprii tua damna pudoris,

551 2035 1021 124 Si bene amas, damnis commoveare meis.
