2000 2581
434 165 884 121 Si te nec sexus nec tangunt foedera lecti

516 250 665 92 Pollicitis saltem commoveare Dei.

465 308 986 102 Illa ego ( si nescis ) sum quae proprio ore tonantis

520 353 727 114 Promissi nati debita mater ero.

453 428 945 96 Ne dubita, repetas, Dominus tua vota iuvabit

517 488 822 97 Tu modo fac constans, in tua iura rue.

454 529 983 106 Fac, mora ne nimium longa hęc me perdat amantem,

533 589 917 112 Hęc mora, ni properes, hei, nocitura mihi est.

474 647 971 114 Hactenus incolumis maneo nec lęsa pudore,

500 730 948 91 Fac modo, ne noceat tam mora lenta mihi.

475 779 806 114 Ipsa dies totos perago suspiria ducens,

507 813 930 127 Et lachrymis gemitus misceo maesta meis.

463 888 957 117 Ast ubi sol radios abscondit nocte cadentes

523 953 868 114 Anxietas maior curaque maior adest.

483 1016 947 115 Tunc sedeo voces observans auribus omnes

516 1086 895 100 Atque omnem regis suspicor esse sonum.

489 1106 1063 155 Iam hunc ad thalami metuo conscendere limen

530 1209 1016 91 Barbarum, et ad nostras iam reor ire fores.

470 1261 937 105 Ast ubi transegi tacitę sic tempora noctis

520 1324 820 111 Et roseae aurorę nuntia stella venit.

508 1377 924 112 Protinus e summa specto tua tecta fenestra

518 1463 935 81 Et quo non corpus, mens tamen ire petit.

488 1502 942 118 Sępe ego te video campis hinc inde vagari

527 1560 743 116 Sępius in viridi procubuisse thoro.

494 1620 1082 115 Quin etiam ploras, nisi me mea lumina fallunt

524 1683 919 106 Et modo in opposita lumina figis humo.

474 1747 935 104 Et modo reflexa coelum cervice tueris,

529 1803 943 101 Et dant ambiguas brachia iacta notas.

474 1861 978 117 Sępe ego te summa volui de turre vocare

545 1930 755 98 Anxia quae vetuit sollicitudo fuit.

471 1982 939 117 Sic ubi nequiquam spectando lumina pasco

525 2045 935 110 Mox maior luctus pectora nostra movet.
