2000 2581
475 180 960 117 Quod si sanctus erit, si leges servat honesti,

549 249 877 91 Nil nobis damni, quod metuamus, erit

489 319 1000 104 At si ( quod vereor ) contempto numine vivit,

587 380 914 95 ( Qualiter, hei, maior vivere turba solet )

476 439 1084 98 Externos peregris quis nos servabit in oris.

560 495 887 97 Quis nobis vires consiliumque dabit?

487 555 975 115 Ipse, tuae, metuo, ne propter munera formae

571 612 941 111 Perditus infoelix damna cruenta feram.

526 677 980 106 Princeps forte tui correptus barbarus igne

558 741 942 93 Non volet immunes caedis habere manus,

480 802 1149 109 Quin clam vel pālam misero mala fata parabit,

539 861 756 105 Detur ut optata coniuge posse frui.

492 924 1034 103 Quare ego per casti te iura sacerrima lecti

565 996 856 91 Perque caput nostrum, per tua fata precor,

498 1040 1091 115 Ut me germanum dicas, non esse maritum,

560 1107 867 100 Ne vitę surgant summa pericla meae.

488 1165 945 110 Talia plorantem non te dixisse negabis

561 1236 866 103 Nunquam, nec poteris, si tamen ipse voles.

498 1274 1057 126 Quid facerem infoelix? Plorantia coniugis ora

547 1351 1007 102 Cernebam et tremulo pectora plena metu.

504 1409 1087 115 Me iubet hoc pietas, iubet hoc spes salva mariti,

559 1477 937 105 Quamque tibi dederam per sacra iura, fides.

522 1537 995 93 Sed tamen in dubio tristis mens fluctuat inde,

547 1594 905 90 Hęrebant animo pristina damna meo.

253 1656 1234 120 〈 Gen. 12 〉 Cum simili casu Phario tibi rapta tyranno

556 1714 744 94 Non parvo subii dira pericla metu.

514 1769 958 93 Cum nisi me Dominus coelo iuvisset ab alto

553 1824 861 102 Reddita non salvo forte pudore forem.

508 1884 852 98 Sed tamen et precibus tantisque emota periclis

551 1944 801 89 Submisi faciles in tua iussa manus.

513 1991 905 103 Quę tamen officiis illis sit tradita merces

559 2054 850 109 Ipse vides, coecum tu nisi lumen habes.
