2000 2581
496 108 1026 120 Una salus tamen est et spes est una salutis

639 196 877 112 Horrida si precibus flectere fata queant

563 263 1127 127 Auxilium inclamant Domini lachrymisque rigatis

626 338 809 116 Exponunt miti fervida vota Deo.

590 402 967 113 Talia dum tristi constanter in urbe geruntur

626 475 847 119 E summa altisonus despicit arce poli.

572 540 942 112 Et videt afflictos deiecto pectore cives

650 627 679 107 Infames vitae deseruisse vias.

573 659 1025 150 Et modo pro vitiis claram regnare per urbem

640 748 912 122 Virtutem et iusto iura valere foro.

591 828 963 119 Audit et effusas lachrymis moestoque dolore

655 906 862 115 Cum gelidis curis et pietate preces.

593 972 973 135 Suscipit auditas, imo sub corde recondit

636 1051 896 112 Et curam miseri coepit habere gregis.

463 1084 1281 159 „ Nam bene mutatos cernens sine crimine mores

657 1202 875 113 Consilium Dominus mutat et ille suum.

469 1270 1098 117 „ Et quos crudeli voluit subvertere poena

663 1348 815 103 Vult miti reduces asseruisse manu.

491 1418 1086 150 Interea claram Iudęus deserit urbem et

650 1495 918 119 Moenia quae misere mox ruitura putat.

586 1555 1024 132 Et procul erectas speculatur lumine turres

638 1644 951 119 Et summas regum pontificumque domos.

611 1719 1066 133 Iamque quater deno surgebat phosphorus ortu

646 1790 903 112 Occiduas toties nocte subibat aquas,

599 1867 1098 113 Moenia non Nineves praedicta clade ruebant,

654 1937 1020 113 Nec tota minimus luctus in urbe fuit.

592 2005 1076 127 Tunc nimis immiti succensus pectore Ionas

662 2094 932 117 Horrida crudeli corda furore movet.
