2000 2581
382 115 838 120 Pectore sub falso corda dolosa vident.

342 201 1156 133 Pręteritae hinc aliquis revocans mala tempora vitae,

396 271 844 119 Absumptos vitiis conspicit esse dies.

326 339 1069 126 Oppressos cernunt cruciante tyrannide egenos

394 418 991 116 Atque inopum in turpi membra iacere luto.

351 491 978 123 Altaque cognoscunt ventoso pectora fastu,

400 571 821 109 Iustitiae interitum iudiciique dolos.

320 632 1065 115 Atque Deum falsos veri sub imagine cultus,

391 706 1045 121 Quos Domino nunquam posse placere sciunt.

334 772 1494 208 Hinc pia conversae meditantur dogmata vitae 〈 Ninevitarum re:sipiscentia 〉

376 851 873 129 Et iusti curam sic periisse dolent.

375 931 1008 117 Nec mora proiiciunt pretiosas corpore vestes,

381 996 883 119 Altaque deducto vertice serta cadunt.

334 1074 1053 122 Inque caput cineres spargunt, laniatibus ora

374 1149 1045 135 Deformant, planctu pectora pulsa sonant

305 1219 1116 132 Et tristeis tendunt in coeli sydera palmas

369 1300 992 121 Et Domini avertunt supplice voce minas.

322 1374 1016 134 Non tunc vidisses lauto convivia luxu,

396 1449 885 90 Nec nimio totos ire bibendo dies.

322 1510 1060 138 Nec quenquam duro fallentem foenore fratrem,

360 1607 923 109 Omnibus amissae cura salutis erat.

274 1667 1057 131 Foemineique greges capitis tegmenta superbi

348 1756 873 119 Abiiciunt, toto e corpore luxus abit.

307 1813 1159 125 Non molles fulvo digitos tenet annulus orbe,

375 1905 982 114 Nec nitet externo gemma reperta mari.

312 1971 1082 130 Nulla cathenato procedit pectore, nulla

351 2058 1030 129 Quę modo consuerat gaudia lęta videt.
