2000 2581
838 123 285 91 MARIA

481 124 1118 172 Nunc licet, hic mentem spe meliore levo.

417 264 1102 106 Sed tamen in varia cum surgunt mente dolores

502 330 937 122 Alternant animum spesque timorque meum.

424 403 1139 114 Nam modo succurrunt domini praestantia facta

496 470 928 133 Quaeque dedit nobis dextra benigna Dei.

432 542 934 132 Scilicet ut saevi Pharaonis perfida regna

482 624 778 122 Fecerit audaci transiliisse pede.

427 689 1129 126 Tunc memini quae tu dum regia pectora tentas

484 772 1050 112 Feceris atque tuae signa verenda manus.

427 841 1209 121 Tunc mihi purpureo manantem sanguine Nilum,

491 914 1181 130 Tunc angues videor ipsa videre mihi.

440 986 1162 134 Tunc me audire puto, quae iam per regia tecta

474 1050 1106 122 Nec solito in turpi rana strepebat aqua.

454 1107 1132 151 Tunc mihi succurrunt muscae locustaque rauca

479 1178 971 159 Et quae contecto sole tenebra fuit.

440 1271 1412 149 Singula quid referam? tunc fulgura, fulmina, mortes

488 1346 1051 143 Grandineosque sonos mente revolvo mea.

426 1410 1116 160 Tunc quoque subveniunt quae vix qui viderit ipse

489 1492 1037 128 Credat, apud gentes non habitura fidem.

438 1563 1225 150 Nempe ut veliferum validis spirantibus Euris

499 1644 1063 133 Coeperit a terra surgere ad astra mare.

446 1713 1188 146 Ut nos intrepidae quondam loca nota carinis

498 1799 991 145 Transiimus sicco per vada salsa pede.

411 1873 1141 148 Et dum nos stultae Pharao vertigine mentis

469 1949 1092 149 Insequitur, pelagus sub sua regna redit.

431 2098 1141 122 Principe cum saevo crudelis mergitur hostis
