2000 2581
330 164 1409 150 Loth potuit raptus quondam tua corda movere 〈 Gen. 14 〉

414 244 876 103 Atque tuas pro se vertere in arma manus.

356 312 1074 108 Tunc timor ille tuus quis erat, cum quattuor ipse

400 371 839 96 Aggressus reges Marte favente redis?

367 437 950 91 Non metuis contra reges pugnare potentes

424 492 806 103 Ut solvas fratris vincula dura tui.

363 548 1061 108 Nunc metuis mortem, nunc saeva pericula vitas,

421 615 950 93 Cum tibi rex Gerares unicus hostis adest.

371 675 1059 116 Quis metus ille novus, quo tanta audatia fugit?

400 738 999 102 Fidŭtia in Dominum nunc ubi tanta latet?

359 795 1061 114 Non regem metuis. Quid enim tam parva timeres

420 854 938 101 Regna? Sed, hei, novi quae tibi causa metus?

378 900 1394 153 Nec frustra timeo, nec vane suspicor illa, 〈 Zelotypia  muliebris. 〉

409 978 765 81 Exemplis didici cauta timere tuis.

373 1030 1049 102 Quid dubitem, teneat quin nunc te barbara pellex

413 1091 907 89 Et ridens damnis gaudeat illa meis.

368 1147 1076 115 Hęc tibi causa metus, hęc te nunc fecit inertem

429 1221 768 94 Ne repetas lentus debita iura thori.

380 1275 1042 107 Quo feror, ah, demens? Forsan non illa timoris

425 1339 914 95 Causa. Dato veniam vocibus, oro, meis.

380 1400 1114 92 Me dolor immensus, me vis nunc fortis amoris

430 1466 931 96 Omnia, vę miseram, tuta timere facit.

337 1516 888 110 Te precor, o coniux, per pristina foedera lecti

434 1589 878 100 Per nostrum, frater, te genus ipsa precor.

404 1647 1027 104 Iniice non timidam dextram, tua iura fatere,

437 1705 882 112 Auxilium Dominus consiliumque dabit.

396 1771 900 106 Illa ego detineor, quae primo flore iuventae

416 1830 892 109 Et soror et coniux semper amica fui.

383 1895 962 117 Illa ego rapta gemo, quę tot perpessa labores

438 1963 720 104 Indefessa tuo semper amore fui.

384 2003 1428 134 Illa ego nunc oro, generis spes unica nostri, 〈 Gen. 17. 18. 〉

419 2070 807 121 Quę tibi promisso semine mater ero.
