2000 2581
874 116 402 104 MICHOL

395 147 1218 159 Qui modo cum iaceat nostri subversor amoris

501 258 1091 123 Quis prohibet solito rursus amore frui?

393 328 1180 140 Ipsa quidem poteram vix regi digna videri

520 415 1069 122 Quę sum de regis nupta retracta thoro.

418 491 1126 122 Quid tamen hic merui quae per te sola relicta

523 555 897 135 Imperium patris ferre coacta fui?

427 651 1246 142 Quod poterat solum semper mea lingua negavit,

508 724 1052 137 Sed nostrae ad vires quid potuere manus?

434 791 1181 165 Saepe patris precibus lachrymisque per ora profusis

515 886 962 133 Sępe meae petii moesta parentis opem.

422 962 1281 145 Quid faceret mater nostrum licet illa doleret

521 1050 1046 145 Coniugium, est ferro durior ipse pater.

447 1115 1153 164 Ipse etiam nosti, nimiumque expertus inique es

518 1216 1092 132 Quam sua commorit pectora dura furor.

430 1290 1228 149 Tunc quoque foeminea nequicquam voce querentem

505 1367 867 121 Sępius irata reppulit ille manu.

432 1443 1093 142 Sępe parens voluit verbis pellacibus illum

512 1531 1031 145 Frangere vel precibus blanditiisve suis.

454 1603 1167 158 Ille sed iratus furibundo in pectore frendit

524 1682 1039 159 Ut solet ignivomo dente timendus aper.

458 1767 1079 163 Reiicit immeritam pariter iussisque minisque

500 1849 973 152 Et vetat huc tales posse redire preces.

462 1915 1209 159 Iamque paratus adest pompa comitante maritus

492 2012 930 146 Iudęi regis qui cupit esse gener.

455 2084 1189 167 Iam moestę volitant praecinctae lampades auro
