2000 2581
267 133 970 112 Perluit hinc artus sacrai flumina aquai

262 219 1031 97 Affundens membris, toto de corpore guttae

267 281 1030 83 Stillant et niveo collucent membra colore.

267 344 1042 104 Ast ubi ter latices hausit sacrumque liquorem,

269 405 1168 117 Incendit mirrham et sacrum thus congerit igni,

261 467 1052 106 Atque humili secum meditatur carmina voce.

268 531 1082 107 Hinc pateras promit nimphis Bachoque repletas

260 594 1124 107 Et libans superis spumantia pocula fundit.

271 657 1101 116 Ter thura incendit fumantia, terque liquorem

256 714 1180 130 Effudit vitreum, crepitans ter flamma recessit,

258 778 949 115 Abhorrens sceleris tanti libamina dira.

273 834 934 105 Sumere, non illi mentis fidutia cessit,

264 891 1058 117 Sed magis infoelix in magnis perstitit ausis,

259 963 1056 120 Et genua inclinans ante aras talia fatur.

205 1019 1046 99 Inachia o virgo summo quae adamata tonanti

265 1060 997 125 Intrasti thalamos divos Iunonis iniquae,

256 1147 1074 105 Da precor ut possim ceptos superare labores,

255 1210 961 94 Et gemitus animo, luctus e pectore pelle.

264 1267 1151 103 A nobis si unquam cecidit tibi victima grata,

266 1331 1059 123 Nunc sine me precibus tantis votisque potiri.

266 1387 1134 116 Est iuvenis nostri vęhemens hei caussa doloris

273 1454 1194 133 Qui rapuit miseram misere et mala spicula fixit

268 1510 1215 148 Quem simili et nobis nunc oro incendas amore.

265 1578 958 116 Si foelix tantus nobis successerit ignis,

268 1639 1040 116 O Dea, commeritos statim captabis honores.

270 1706 992 111 Ante tuas aras etenim percussa securi

268 1771 1171 130 Victima grata cadet, dabimus quoque thuris honores

267 1836 1095 98 Innumeros, aram propriam sine luce videbis

263 1896 1045 107 Nunquam, sed semper gratum redolebit odorem

194 1947 1036 131 Talibus hęc divam votis precibusve fatigat,

264 2028 1187 112 Nec pudet aethereis crimen narrare nefandum,

251 2091 1194 128 Et petere auxilium ( tanta est vesania mentis )
