2000 2581
792 124 342 78 SEPHIRA

438 170 967 130 Quae quamvis cupiant huiūs extinguere lumen

526 238 831 118 Opponantque levi corpora densa faci.

461 308 1066 109 Hic tamen obstantes propellens lumine nubes

523 374 776 93 Extollit vultu sydera clara suo.

484 434 961 104 Sic quamvis tristi languerent corda dolore,

520 496 999 125 Atque essent lachrymis cuncta repleta tuis,

494 562 1015 116 Te tamen ille dolor, luctus lachrymaeque decebant,

524 633 942 107 Et tristis formę gratia maior erat.

490 693 853 124 Hei quoties volui solantia dicere verba

547 751 728 119 Ut possem luctus imminuisse tuos.

487 811 1063 136 Sed quoties cepi, toties mea lingua retenta est,

538 884 817 97 Et tardata meo stulta pudore fui.

478 938 1074 113 Nam tua maiestas, decor hic venerabilis oris

550 1010 902 108 Terruit, et gravitas quę tibi corde sedet.

489 1074 1066 127 Sępe graves cernens puerili in corpore mores,

553 1139 857 115 Corpore detinui lumina fixa tuo.

491 1198 1084 127 Sepe tuum aspiciens intento lumine vultum,

553 1269 945 104 Vix animum poteram continuisse meum.

488 1315 1102 145 Nec quid eram scibam, tectis tamen ignibus ustae

543 1393 1216 111 Tristia languebant corda dolore gravi.

496 1458 1022 110 Sic mihi paulatim conceptus prodiit ignis

538 1505 1026 115 Et nova per visum flamma nutrita mihi est.

310 1570 1041 138 ‹ quamvis › Ipsa diu quamvis te saepe immota viderem

557 1651 877 96 Non oculos poteram sic satiare meos.

513 1713 1260 124 Quo mage spectabam, magis hęc mihi forma placebat,

559 1785 968 130 Atque novo mixtus crevit amore dolor.

492 1859 1105 114 Sive ego te plenis cernebam ferre canistris

547 1929 976 111 Fercula vel dulcis pocula plena meri,

503 1988 1006 120 Mirabar dignos tali tibi munere gestus,

563 2062 882 128 Mirabar mores compositumque decus.
