2000 2581
283 124 1125 124 Hei mihi quid dicam, quantum pater ipse dolorem

293 202 1098 110 Concipiet tristis? quantas in pectore curas

288 269 1091 107 Decoquet amissi recolit dum gaudia nati?

290 327 1211 121 Ast ego ni patrios luctus augere vererer

287 400 1140 112 Mox scelus infandum commissaque crimina vellem

287 473 1206 109 Pandere, quo meritas caperent mala crimina poenas.

290 539 1211 110 Sed mihi quid prŏderit misero hęc narrare parenti

294 608 1165 121 Atque movere graves afflicto in pectore curas?

287 674 1094 119 Qui modo si natum a natis periisse videret,

284 743 1125 117 Funderet infoelix duplices e corde querelas.

288 820 1100 104 O utinam possem merita vos perdere poena,

286 881 1112 115 Inscius ut genitor curis lachrymisque vacaret.,

296 937 1170 129 Non etenim vellem in venientia tempora poenam

285 1021 1038 122 Differre ignarus, celeri sed perdere fato.

292 1084 1055 115 Ocyus infames, ne tanto pondere tellus

300 1156 1214 118 Pressa gemat placidumque negaret fructibus annum.

289 1219 1182 116 Sed tamen o rabidi meritas avertere poenas

301 1289 1168 116 Non unquam dabitur, dominus sed fulmina gestans

303 1365 1233 125 Pro scelere infando mittet sua tela nociva.

299 1421 1085 120 Ān etenim tantum speratis pectore crimen

297 1498 1083 114 Posse tegi et nullam sceleratis affore poenam?

297 1567 1005 117 Non si longęvos liceat celare per annos

297 1632 1142 120 Atque homines cunctos simulata fallere mente,

303 1697 1123 110 Non tamen excelsi dabitur vitare tonantis

290 1769 1312 125 Dextram, quę meritis poenis mala crimina pensans

303 1835 1196 124 Affliget miseros, nec vos hęc poena relinquet

293 1908 1213 119 Quam simul et vitam et detur finire dolorem.

251 1977 1131 122 Talia germanus Ruben postquam intonat acer

286 2043 1153 130 Abripiturque ferox, tandem respondet Iudas,

220 2115 1143 124 O rogo fraternam cures germane salutem,

304 2177 1137 133 Nec tollas tantos furibundo pectore fluctus.
