2000 2581
361 130 971 116 Comittant duro crudeles pectore lites.

360 219 1194 110 Novimus ex illis quam sit malesuada iuventus

348 281 1244 115 Fervida, quę nullum facinus non pectore volvit,

347 362 1221 110 Et cogitata animo temerē conamina complet.

361 428 1308 111 Hei mihi nunc quoties tristis sunt caussa doloris?

360 497 1106 117 Et quoties curas nobis inimicaque multa

357 554 1279 158 Gignunt, dum peccant infidi, dumque rebelles

366 622 994 126 Obsistunt patriis atroci pectore iussis?

367 689 1215 148 Quid fore nunc speras illi postquam aede relicta

365 753 1134 140 Per campos virides effusi cursŭ feruntur?

360 842 1205 145 Et male nunc metuo, ne incertis sedibus illi

359 905 1107 147 Errantes campis patulis agrisque vagentur.

362 971 1161 146 Quarĕ precor celeri festinans tramite fratres

377 1041 1102 147 Invise et vitam illorum pecorisque labores

353 1103 1190 153 Discito, quaque illi modo conditione ferantur.

291 1186 1272 144 Haec ubi dicta dedit, natus mox iussa parentis

370 1248 1130 132 Complens, infoelix infausto tramite currit,

352 1313 1214 138 Insidias nullas metuens vel damna parata.

353 1373 1228 160 Ast ubi festinans consueta ad pascua venit,

365 1450 1173 130 Omnia per campos dĭligenti lumine lustrat,

364 1514 1254 141 Sed nusquam errantes cernit per gramina fratres.

357 1573 1186 148 Hunc ubi sed coecis errantem passibus alter

372 1649 1228 135 Conspicit incertisque viis per ignota vagantem,

287 1723 1434 155 Non hic, heus ( clamat ) non hęc modo pascua campi

366 1792 1248 156 Grata tenent fratres, alio sed ad arva profecti

361 1858 1160 127 Unanimes toto petierunt agmine Dothan.

357 1918 1141 153 Agricolae voces errans postquam audit Ioseph,

358 1987 1253 152 Mox campos virides et coeptaque itīnera linquit,

348 2060 966 127 Et velox celeri fertur per devia cursu.

280 2129 1269 150 Sed venientem illum ut longe vestemque decoram
