2000 2581
529 99 1179 139 Credite, iam vobis quoque pręmia digna parantur

606 199 937 117 Iam vos iuditii poena cruenta manet.

539 262 1150 119 Nunc male procumbent lapso fundamine turres,

589 335 944 118 Nunc cadet hostili gloria vestra manu.

520 395 1002 146 Iamque peregrino rapientis milite Gazae

595 484 1020 121 Nec tantis suberit spes quotacunque malis.

527 548 1196 143 Nec procul a vobis iam sunt tristissima fata,

586 627 977 113 Hic nullam Dominus vult valuisse moram.

543 697 1099 136 Nempe quater deno cum surget Lucifer ortu,

585 769 1055 111 Quae vobis urbs est, vasta ruina cadet.

434 845 1265 161 DIXERAT, attoniti Ninevitae corde stupebant

591 932 938 120 Algificus venit dura per ossa tremor.

519 1003 998 117 Arrectę trepidis summo stant vertice cōmae

583 1065 990 139 Et gelido pallent cuncta timore viris.

570 1155 1021 122 Nam licet aetherea gentiles Lege carerent,

596 1226 1019 121 Quam populo Iudae Corniger ante tulit.

533 1298 1053 123 Attamen agnoscunt mundi qui sceptra gubernet

584 1367 1005 134 Esse Deum, sub quo condita quaeque sient.

541 1432 1147 139 Cui, cum sit iustus, non possit iniqua placere

591 1523 996 111 Vita, nec in vitiis obruta turba suis.

570 1595 1049 133 Iamque animo volvunt aliorum crimina Regum,

589 1660 991 132 Quos simili fato perdidit ante DEUS.

531 1737 1179 130 Eiectos repetunt Chananęa e gente tyrannos,

590 1819 977 124 Quos scelere infames expulit ira Dei.

513 1891 1201 141 Et propriam inspiciunt non coeco lumine vitam

591 1971 1095 142 Quid suspensa a tergo mantica forte ferat.

525 2059 1140 140 Et nimium cernunt infectos crimine mores
