2000 2581
242 128 1065 153 Sperabat thavos et talia crimina nunque

254 222 1046 122 specasset, nullos talos in mente dolores.

255 298 1234 130 Interea intrantes veniunt spolia atra ferentes,

238 366 1211 126 Et simulant lachrymas luctusque imitantia verba.

263 427 1162 128 Inter quos Simeon lachrymis sic fatur obortis,

173 506 1254 116 O dolor ut vęhemens nobis tristitia mentem

248 578 1139 130 O pater obsedit, ne quid sit passus Ioseph.

253 657 1206 124 Nunc etenim dum agros petimus hinc inde profecti

261 726 1288 133 Invenĭmus scissam tunicam vestemque cruentam,

251 794 1389 129 Hei mihi quam lacera est et quanto infecta cruore?

272 867 1111 133 Omninoque tui vestem reprĕsentat Ioseph.

246 945 1148 129 Aspice si nosti, metuo ne forte ferarum

252 1032 1168 116 Insidiis raptus misera sit morte peremptus.

191 1088 1250 139 Haec ubi narrantem male foelix audit Iacob,

256 1164 1237 126 Non potuit tristis tantum retinere dolorem

259 1238 1210 142 Quin miserum obscura caderet caligine corpus.

272 1312 1244 126 Concidit exanimis veluti procumbit humi bos.

266 1403 938 99 Oberrantque nigrę tristi sub corde tenebrae

263 1467 1160 113 Hei qualis facies, quantum mutatus ab illo

270 1532 1073 106 Cui quondam luctae a domino victoria dicta est.

272 1595 1013 120 Nuncque iacet tristis senio morbisque repletus,

286 1665 974 109 Cęsariem canam circum trepidantia fusus

274 1725 1064 115 Tempora, et augustam faciem ( miserabile visu )

272 1793 995 111 Illidit terrę pedibusque obstantia verrit.

265 1851 1072 135 Accurrunt nati, sceleris queis pectora plena

258 1930 1036 117 Turbantur, meritas tali pro crimine poenas

265 1992 1004 121 Spondentes, oculis pueri obversatur imago.

262 2061 1007 107 Iamque calor cunctus de toto corpore retro

267 2130 1079 138 Effugiens mox ad trepidantia pectora fertur,
