2000 2581
502 115 1030 144 Hortantur. Quorum voces postquam audit Ioseph

508 281 1033 89 Exhilerant tristem ludentia gaudia mentem.

506 329 1077 123 Poenituisse etenim fratres et pectore crimen

505 404 1069 112 Respuere infoelix cŏgitat nec cętera novit

512 466 964 127 Ah tristis, donec sperati in lumina solis

501 529 1021 125 Extractus rediit, sensit viditque furorem

509 602 1312 115 Non cecidisse virûm, nova sed nunc crimina diro

513 669 1011 126 Pectore moliri, peregrinas atttamen oras

508 749 1075 113 Non timet, at lęto coeptos finire dolores.

498 815 1058 127 Ast illi abreptum ferientes sydera voce,

512 875 1168 141 Avia per caecae deducunt compita sylvę.

514 955 1201 136 Quos hic promissis, lachrimis precibusve fatigat,

505 1027 1284 136 Officium fratrum memorans patriamque senectam,

510 1098 1270 121 Non tamen hi lacrimis ullis precibusve moventur,

506 1168 1274 147 Non patria anxietas animum, nec numina terrent.

511 1237 1169 152 Utque locum celeres venerunt agmine tanto

515 1306 1250 113 Quo mercatores aderant, mox constitit omnis

513 1386 995 135 Coetus, atque ferox illos affatur Iudas.

455 1451 1204 146 Vos rogo nunc gressus properantes sistite amici,

493 1536 1190 112 Quidve feram vobis paucis attendite quaeso.

498 1603 1229 127 Si famulum cupitis parvo retinere fidelem

514 1678 1171 126 Insignem forma, placidis nec moribus ulli

509 1743 1223 116 Cedentem iuvenum, bis denos pendite nummos.

442 1826 1145 116 Ast Madianitae postquam audivere loquentem

507 1890 1223 129 Consistunt pedibus iuvenemque tuentur Ioseph.

517 1963 1170 127 Ut placuit vultus et nuntia corpora mentis

479 2023 1217 147 Atque vident placidos iuvenili in corpore mores,

490 2107 1243 122 Accipiunt emptum atque argenti pondera solvunt.

415 2176 1192 135 O quantum doluit, gemitus e pectore quales
