2000 2581
732 122 318 81 IACOBO

333 178 1100 106 Percitus ille furit, moestis nunc fletibus aulam

380 243 1033 98 Implet, nunc precibus corda paterna movet.

310 313 1119 96 Ast ubi nec precibus potuit nec vincere fletu,

379 370 832 93 Fulmineo sęvas protulit ore minas.

315 435 1050 87 Hęcne meae fuerit torpentis inertia dextrae,

376 491 920 102 Quisquis ut impune sic nocuisse queat?

315 539 953 106 Qui prius astute natalis maxima iura

378 612 938 93 Abstulit, en etiam nunc potiora tulit?

315 664 1156 111 Quid mihi nunc prodest facilem tenuisse parentem,

377 738 977 100 Improba si mater semper iniqua mihi est?

304 801 1134 113 An quia plus valeant muliebria pectora fraude,

368 870 910 116 Immunda dęmens usque iacebis humo?

326 954 1229 127 Cur mihi nunc pater est, mater si cuncta ministrat,

368 1017 834 99 Filioli ut curet fata secunda sui?

320 1076 1198 106 At non talis Abram, dominum quem Sara vocabat,

373 1145 950 97 O utinam patris corda moveret avus.

319 1202 1244 133 Sed quid Esau quereris, quidnam tua pectora tangunt,

376 1273 984 115 Quę cum germano mater iniqua parat?

319 1328 1060 109 An nisi consilio poteris bene vivere matris?

373 1407 946 102 Altera fortunae nulla parata via est?

322 1462 1142 127 Quin habeat turpi quae frater fraude paravit,

387 1540 1010 111 Tempus erit, cum non hęc habuisse volet.

320 1609 1111 110 Non genitor vivet, nec mater saecula centum,

384 1686 900 87 Vindictae venient tempora letu meae.

321 1738 1058 109 Tunc faciam, qui sim, frater me sentiat esse

368 1803 1341 133 Nec timidum poterit prompta iuvare parens.

321 1869 937 104 Talia crudeli frater dum fulminat ore,

375 1946 974 93 Audit et e servis rettulit una mihi.

323 2001 1058 135 Protinus egelido concurrit pectore sanguis

362 2079 856 117 Et flavae capitis diriguere comae.
