2000 2581
634 108 408 81 SEPHIRAE

252 155 977 109 Omnia deflebis senio male perdita tristi

318 222 997 104 Queis nunc hei nimium fidere stulta soles,

280 294 1044 107 Cum mea me virtus semper sine fine sequetur

333 346 849 119 Atque senectutis mite levamen erit.

267 413 1076 118 Finge age nunc nullum nostri commercia furti,

332 479 904 127 Nec quenquam lusus posse videre tuos.

280 556 1078 104 At veniet tempus quo tu tua facta revolvens

313 614 846 114 Damnabis rupti debita iura tori.

292 681 1102 118 Iamque dies veniet quo tu, ME POENITET, alta

334 763 942 107 Sed te nequicquam voce iuvante gemes.

265 817 1127 130 Quid tibi tunc animi fuerit cum cassa pudore

304 889 872 107 Deflebis fidei foedera rupta tuae?

282 932 1122 135 Tene ( gemens dices ) puduit non perfida castum

344 1016 925 116 Simplicis ah domini commaculasse torum.

281 1086 1084 120 Tune putri crebris foedata in corpore rugis

335 1151 916 107 Lusisti lecti perfida facta fidem?

282 1219 1130 132 Hinc gemitus duces, hinc fletibus ora rigabis

331 1291 931 97 Meque simul tecum tunc periise voles.

282 1334 1091 126 Quid tibi, quod spurius cernetur forsitan inter

331 1419 886 107 Natos periurae crimen onusque domus.

282 1489 1129 105 Haec caveas iubeo ducens sine crimine vitam

340 1563 890 111 Si te cura domus cura tuique tenet.

301 1624 1089 107 Si non illa movent, summo movearis honore,

336 1699 869 110 Et proprii curam quaeso pudoris habe

290 1753 1095 128 Quę modo praecellis summi quod sponsa mariti,

332 1833 1001 107 Es Pharias inter gloria prima nurus.

295 1905 1141 117 Hactenus et pulchros iunxisti corpore mores

324 1977 916 115 Dignaque virtutis munera divitiis

268 2048 1105 115 An nunc committes coeco male perdita amore
