2000 2581
324 163 976 105 Quid querar infoelix? aut unde exordia sumam

408 234 819 102 Tristia, quo vitę pandere fata queam?

345 288 975 108 Unde mihi summi commota est ira tonantis?

396 361 876 82 Hei mihi, quę tanti causa doloris adest?

353 417 983 91 Unde hęc fortunae fortis constantia venit,

405 479 1008 93 Cum nihil hac levius, qua patet orbis, habet?

368 530 1027 102 Ipsa tamen constans nostros sic fertur in annos,

411 589 897 106 Sic mecum firmo pectore bella gerit,

396 658 823 97 Ut vix a iugi liceat spirare labore,

408 711 820 100 Nec tandem fessae prodit amica quies.

357 766 916 93 Et veluti navis iactor, quę fluctibus altis

409 821 837 104 Pellitur excipiens murmura saeva maris,

366 871 951 105 Quam varii fessam fluctus hinc inde repellunt,

408 934 1004 98 Quę modo conscendit, nunc vada nigra petit.

357 987 1329 111 An Deus humani, quod foemina criminis author, 〈 Gen. 3 〉

406 1038 906 110 In sexum nostrum pectora dura gerit?

363 1095 1343 110 Parva mei fratris velocia funera vidi, 〈 Gen. 11 〉

416 1165 799 101 Ille mei primus causa doloris erat.

375 1223 950 95 Hinc ego nupta viro poteramque beata videri,

417 1274 998 103 Cum tibi, quae fueram nunc soror, uxor eram.

350 1335 968 108 Ecce Deus lętam nobis intercipit omnem

403 1403 1011 108 Spem, mihi dum matris nomina grata negat.

339 1459 856 116 Ah, quoties longas exegi flebilis horas,

408 1531 920 90 Dum cerno ventris pignora nulla mei.

382 1589 951 120 Utque eversa plŏrat non foelix messe colonus

416 1655 866 101 Sic vacui flebam munera ventris ego.

371 1698 998 125 Cum genitore meo nostrum comitata maritum,

428 1769 852 108 Hei, patriae linquo dulcia rura meae.

364 1827 875 113 At pater imbellis fatis crudelibus usus

425 1890 852 90 Occidit, externa contumulatus humo.

371 1951 981 106 Quid mihi tunc animi fuerit quantive doloris

417 2014 824 111 Et proprio luctu, coniicere ipse potes.
