2000 2581
681 137 248 86 MOSI

268 179 1138 121 Non etenim prohibes ( cum me divina remorit

335 252 835 123 Maiestas, castris expuleritque suis )

283 330 1125 114 Quo minus huc veniat mea tristis epistola vitae

334 398 929 115 Hei nimium miserae nuntia signa ferens.

294 471 1073 112 Illa ego nunc variis crucio mea pectora curis,

338 539 988 112 Quae pars castrorum non levis ante fui.

275 611 1143 106 Nunc semota procul sanctissima tecta reliqui

339 689 908 106 Quę docui matres Isacidumque nurus.

289 754 1121 113 Non tamen hoc tantum premeret nisi conscia culpae

338 806 923 128 Me scirem poenas commeruisse graves.

273 883 1210 141 Namque onus est levius si nos sine crimine poena

347 963 907 109 Corrigit, et turpi culpa pudore caret.

295 1013 1114 149 Me Deus et meriti poenae nunc caussa fatigat,

345 1093 1426 135 Hei gravis iratum est res habuisse Deum. 〈 Hebr. 10 〉

293 1157 1003 124 Quę postquam recolo, subito mea corda dolore

348 1244 853 112 A saevo sicut milite fossa gemunt.

286 1313 1235 115 Et pudet, et dolor est meminisse, nec illa referre,

347 1392 912 116 Nunc tibi permittit conscius ore pudor.

299 1443 1268 122 Quid tamen hęc referam nimis hęc, nimis omnia nosti

342 1538 765 114 Spectator culpae suppliciique mei.

294 1594 1176 129 Ast hęc tecta magis cruciant et pondere lędunt,

339 1692 988 118 Est quoque non parvus conticuisse dolor.

321 1748 1222 129 Primus enim gradus est miseris tolerare molesta

363 1833 956 120 Hęc tacuisse, dolor, crede, secundus erit.

298 1907 1128 129 Hei nimis excruciat quae fers arcana tenere,

347 1995 925 104 Et cui committas non habuisse virum.

287 2060 1096 132 Nam veluti magno depressum pondere pectus

350 2141 1054 126 Quęrit in alterius hęc posuisse sinum.
