2000 2581
487 105 1008 141 Percipias sodes placidus nec sperne monentis

468 194 1131 122 Dogmata, quo morbo liceat reperire medelam.

482 268 1037 121 Quot miseris curas dederit saevosque labores

500 338 1151 112 Venditus hinc frater, Ruben non nescius es tu.

496 412 988 112 Ah quoties duri commovit iussa parentis,

497 470 1005 123 Ut gravius miseros maiori pondere pressos

507 547 1019 108 Cogeret ad leges et dum mendatia falsa

490 617 1025 103 Fingit, quo solus posset captare paternam

493 679 1078 108 Gratiam, et offitio ficto retinere favorem,

502 755 1161 112 Non ullis potuit monitis, precibusve minisve

490 821 1032 107 Arceri cupidus, fratrum ut sibi gloria curae

490 890 1033 123 Esset et irato occultaret facta parenti.

493 956 1053 112 Hinc etiam quantas animo conceperit auras

495 1021 1095 130 O frater nosti, tum quanta superbia mentem

496 1099 1113 123 Inflarit tumidam, postquam sua facta probari

501 1165 1223 136 A patre cognovit, mox hinc quoque sceptra tenere

495 1236 1228 136 Speranti exagitant noctis vaga somnia mentem,

510 1311 1158 135 Cumque graves poenas meritis pro talibus ipse

505 1377 1156 116 Non peteret genitor pueri dulcedine captus,

501 1434 1180 141 Indignum nostris manibus si pressa Cupido est.

506 1511 1233 132 Quid nunc conquereris frater, stultasque querelas

520 1571 1176 145 In vanum fundis? Lachrimę an relevare dolorem

474 1655 1211 126 Afflicti poterunt? Numquam est sua gratia tanti

511 1724 1083 127 Ut pueri ob casum cupias nos perdere cunctos?

428 1786 1270 135 „ Factum est, non unquam poterunt quae facta moveri,

421 1861 1280 138 „ Quaeque semel rata sunt non rursus irrita fiunt.

433 1937 1154 114 „ Sed melius fuerit morbos curare medela,

426 2003 1340 133 „ Quam morbos morbis et flammis subdere flammas.

426 2065 1256 144 „ Namque gradus primus venientes pellere casus

419 2152 1197 131 „ Proximus at fuerit casus lenire medelis.
