2000 2581
658 135 391 91 SEPHORAE

331 187 943 122 Prędixi, et scriptis sunt celebrata meis.

284 275 884 97 Talia si vetuli coniux fecisset Abrami

316 351 966 104 Non sua vidisset pignora ventris anus.

282 414 1100 110 Ah quoties profugi constans est terga secuta,

331 442 1456 162 Non tardata siti nec male fracta fame

290 555 1255 123 Hęc quoque sustinuit, raperet quo a morte maritum,

340 635 1045 116 Principe ab externo moesta rapina trahi.

302 720 1189 100 Nec tamen ( hoc mirum fuerat ) captiva negavit,

340 772 998 120 Quę coniux fuerat, dicier esse soror.

312 850 976 105 Quid fecit toties nobis laudata Rebecca?

345 923 1163 127 Quid Lya? quid meritis conspicienda Rachel?

281 1005 1000 124 Atque aliae plures quorum pia facta referre

349 1076 842 113 Sufficeret nobis non satis una dies.

294 1147 1209 117 Quid tamen hęc moneo? satis est charissima coniux

340 1227 841 105 Si tua cognoscas crimina corde pio.

307 1305 1114 124 Poenituit, legi quod nunc tua scripta fatentur,

344 1365 948 111 Haec vox ad veniam sufficit una tuam.

307 1437 1079 124 Non ego sum duris natus de rupibus, et non

343 1524 998 117 Qui nequeat vinci cor adamanta gerit.

319 1586 1054 128 Tu modo fac noscas commissę crimina culpae,

351 1683 910 100 Nunc fac officium coniugis ipsa bonae.

305 1733 1199 143 Multa equidem toleranda tibi, sunt multa ferenda,

363 1819 918 108 Sic statuere graves tristia fata dies.

310 1884 1033 128 Hoc tamen exhilaret quod non moritura paratur

360 1972 961 115 Vita, his qui Domini iussa tremenda colunt.

292 2045 1104 118 Tu rogo nunc vigili colito mea pignora cura,

352 2115 1010 127 Pignora frustra oculis saepe petita meis.
