2000 2581
889 133 346 87 MICHOL

456 173 1067 129 Hei quoties timui dum te cum milite lecto

512 263 955 124 Insequitur, ne illi forte rapina fores.

474 330 1127 134 Cumque aliquis nobis te captum pene referret,

530 404 848 116 Sępius in toto corpore frigus erat.

445 473 1091 111 Ausus eras nimium saevę te credere dextrae

522 541 1002 116 Cum peteres tacito castra paterna dolo.

442 602 1252 146 Ausus eras nimium illius dum pallia ferro

518 672 912 145 Abscindens prodis teque tuosque patri.

451 755 1020 129 Ah quoties timui ne quis te proderet illi,

534 821 844 125 Crede mihi nostro est tempore nulla fides.

455 883 1084 135 Saepeque successu lęto quoque moesta timebam

518 961 900 114 Fortunam tali posse carere vice.

455 1028 1184 158 Sed frustra timui reducem te reddidit oris

533 1115 955 116 His nostris magni dextera iusta Dei.

496 1184 1109 139 Sceptra tibi quondam regni promissa gubernas,

523 1243 930 134 Inque patris solio publica iura tenes.

458 1324 1222 168 Quid tamen hoc prodest nobis, si nupta mariti

510 1397 921 157 Alterius tristem cogor inire thorum?

462 1468 1129 152 Coniugis an nulla est David, tibi cura relictae?

514 1568 911 113 An tota ex animo decidit illa tuo?

457 1621 1077 142 Qui prius hostiles propter me vincere turmas

520 1713 917 129 Optabas, nunc me negligis usque tuam?

467 1779 1056 133 Non ego iuncta tibi furtim, virtute parasti

521 1845 910 140 Me licet invitus tradidit ipse parens.

459 1928 1038 131 Sic voluit mater, sic qui tibi summus amicus,

511 1995 929 147 Aeterno frater iunctus amore fuit.

468 2074 1148 154 An quia me alter habet, non vis tua poscere iura?
