2000 2581
522 92 1071 126 Regnabant scelera infamem dispersa per urbem

585 186 945 99 Et reus in vario crimine quisquis erat.

519 244 1027 114 Debita non illic comitata est cura parentes,

585 316 800 103 Nec cultus vera relligione DEUS,

515 388 1002 116 Debita germanus germano iura negabat,

577 451 965 115 Non hospes patrio ab hospite tutus erat.

531 531 1008 121 Tristia miscebant pretiosis pocla venenis,

568 607 954 105 Falsis pugnabant fraudibus atque dolis,

555 674 1048 121 Pressus erat pauper, cedebant omnia nummis,

600 747 853 120 Prostabant falso prodita iura foro,

478 827 1175 121 Hanc Deus ut summo summus despexit Olympo

601 907 953 112 Ingemuit multum crimina sęva videns.

541 971 992 110 Perdere corruptos cum lex divina iuberet,

612 1050 877 95 Vult tamen his pietas consuluisse Dei.

544 1114 910 125 Tandem clementi stultorum corde misertus

591 1189 864 125 Hos alio statuit velle iuvare modo.

217 1261 1446 172 〈 Ionae vocatio 〉 Et vocat Amitthi natum, cui mandat, ut illos

598 1339 905 120 Aggressus doceat iussa colenda Dei.

546 1412 1190 113 Vade ( ait ) ad Nineven et crimina sęva reprende,

595 1504 884 100 Nec timeas tantos increpuisse viros.

528 1567 1069 124 Ad me conscendit scelerum cumulatus acervus;

596 1635 1030 128 Quem pressi fundunt clamor ubique sonat.

532 1719 1074 125 Affligunt inopes, curant subvertere rectum,

602 1804 946 104 Non illos virtus relligiove movet.

521 1867 1154 136 Institui ( moneo ) nisi iam resipiscere discant

597 1946 991 115 Moenia crudeli perdere vasta manu.

557 2026 1164 121 Nec mora, supplicii non tardans hora sequetur,

589 2097 1007 143 Ecce quater denis lucibus illa venit.
