2000 2581
686 153 841 123 DALILA SAMSONI.

382 235 1208 171 Tempore quem longo speravit Samsona scriptis

501 337 999 147 Alloquitur tandem moesta puella suum.

455 416 1129 147 Perlege nostra precor mentis tibi signa fidelis,

489 514 1047 114 O mihi nunc propria charior ipse die.

446 568 1142 155 Deseruit nonus pelagi sol aureus undas,

491 659 1018 131 Occiduis toties lumina mersit aquis,

453 738 1147 121 Nec reducem video, nec quae sit causa morandi

514 820 965 111 Sollicitae referens littera missa venit.

467 890 1280 134 Cur mora tam longa est quae nos disiungit amantes?

502 988 1116 119 Quodve magis timeo, quae tibi causa morae?

456 1050 1215 138 Cur tibi dilectam sic linquis durĕ puellam?

519 1145 1052 122 Nec mihi consueto rursus amore redis?

438 1232 1186 126 At cum me fugeres, Non longo tempore, dixti,

515 1305 1136 117 Hinc abero, reducem si modo fata velint.

439 1383 1120 128 Atque tuis manibus ceu lentis vitibus ulmi

526 1463 1158 115 Tunc fuerant ( memini ) colla revincta mea.

446 1544 1123 109 Miscuimus lachrymas lugenti voce querentes,

508 1619 1063 140 Moestaque vix potuit lingua referre Vale.

430 1704 1190 131 Discedis properans, cur non sic ferree tandem

510 1779 1030 143 Efficis huc celeres posse redire pedes?

451 1864 1055 134 At licet invitus propria quoque in urbe moraris,

519 1933 1366 135 Ferre sed hanc levius tu potes ipse moram.

474 2012 1039 150 Utque etenim corpus durum sic fortia corda
