2000 2581
806 132 465 107 SEPHORA

430 164 1136 144 Quid tamen hinc quęris, quaenam tibi gloria manat,

501 271 1091 101 Quod modo tam vęhemens in tua damna ruis?

448 322 1061 132 O nimium fortis nimiumque invise quieti,

499 396 1017 123 Et nimis in curas corde parate graves.

437 472 1258 131 Quas mihi nunc lachrymas, quos credis surgere luctus

505 549 869 107 In patria cum sim sola relicta domo?

445 620 964 107 Nempe domi lateo vario contorta dolore,

516 687 956 104 In lachrymas semper sum resoluta graves

450 748 955 113 Non efferre pedem patrio de limine possum

510 822 872 108 Erubeo nostras, ante ut, adire nurus.

452 902 966 104 Nasutae metuo quoniam convicia plebis,

519 962 855 112 Neve quis impura labe notare queat.

455 1036 968 107 Non etenim nescis quae sint mendatia famae,

505 1104 902 106 Qua modo securas vix licet esse probis.

467 1164 994 103 Quid de me Madian, quid dives thure Sabęo

510 1231 889 106 Diceret et posthęc dicere posset Arabs.

481 1299 1059 124 Heu quoque dum proba sum vix sic convicia vito,

527 1374 881 110 Omnia quae nobis fama inimica struit.

471 1435 1143 123 Nunc aliquis nostro quondam contemptus amore

540 1501 977 107 Talia in afflictam scommata salsa iacit.

457 1567 1002 137 I nunc et tumidi spectato littora Nili,

514 1647 1028 121 Denuo nunc patrios sperne superba procos.

452 1707 1112 132 I nunc albentem foelix tibi quaere maritum,

524 1792 869 103 O tandem tali digna puella viro.

472 1849 1038 126 Haec aliquis coram dicet, nec tanta levare

517 1928 1000 111 Qui potes huc velox in mea vota venis?

454 1993 1040 140 Atque ego, quę patriam dilecto coniuge licto

527 2067 843 150 Reppetii, tristis talia verba feram?

1287 2146 278 111 Ah miserere
