2000 2581
827 119 414 93 BETHSABA

492 171 927 125 Et tua cur molli membra quiete iacent?

411 243 1063 125 Da veniam miserae, non tunc contingere chordas

515 330 937 111 Tempus erat, tempus tela vibrare fuit.

436 394 1107 121 Ocia quin linquis, mollem dant ocia mentem,

512 483 981 99 Enervant duras ocia lenta manus.

455 604 1096 127 Ocia dum tractat spectandus robore Samson,

509 673 960 131 Lętifero, miserum, captus amore perit.

468 746 1111 142 Vidisti miseram, proprias me accersis in aedes,

515 829 850 99 Advenio, regis iussa tenere decet.

440 881 1064 144 Queis me pollicitis, quo me persuaseris astu

511 963 1016 145 Quod fuerit studium consiliumque tuum

437 1028 1075 135 Dicere nil refert, quid enim tibi cognita dicam?

512 1096 765 131 Insidiis cecidi stulta puella tuis.

454 1160 1021 129 Et pudor obstabat et casti foedera lecti

515 1243 909 120 Sed regis precibus castus abivit amor.

449 1306 1116 146 Hei mihi quid feci? quo tunc pia cura mariti

529 1389 869 127 Cesserat et lecti iura tenenda mei?

458 1440 1082 159 Blanditiis superata tuis male sana pudorem

501 1536 1023 148 Abiicio, nostri vincula solvo thori.

458 1618 1248 155 Quin etiam incalui, nimium mihi stulta placebam

517 1699 1087 140 Quod mea tunc regi forma probata foret.

451 1763 913 135 Scilicet oblectat quod summa pericula ferre

514 1853 948 117 Assolet et turpis damna pudoris habet.

434 1890 1369 180 Denique quid referam? Cum lecto membra levarem,

511 1979 1139 154 Hei mea plus solito corpora pondus habent.

435 2076 1426 138 Nec quid erat scibam, quoniam his nova miles in armis
