2000 2581
700 125 317 80 DAVIDI

295 163 994 134 Sicut enim variis cum cerva latratibus acta

368 256 923 125 Incertum nescit quo ferat usque pedem.

320 329 947 112 Sic ego, me miseram, diversis anxia curis

390 406 834 101 Unde petat dubito nostra querela viam.

309 471 990 119 Hei mea cur placuit non soli forma marito?

380 541 918 118 Cur voluit vultus alter amare meos?

318 612 972 135 Cur unquam gemmis incessi ornata vel auro?

384 680 969 155 Cur Arabum comptus rore capillus erat?

336 763 1053 152 Purpura cur unquam candentia corpora texit?

369 852 888 135 Cur aliis unquam cura placere fuit?

337 899 1059 174 Inscia mens hominum, studiorum nescia recti

363 1007 1023 139 Quę sua cum studio damna fovere solet

337 1076 993 152 Scilicet hęc hominum natura ut maxima semper

349 1171 1055 118 Damna velut vitae commoda summa colant.

330 1242 942 133 Sic alius fulvi thesauros congerit auri,

353 1315 913 125 Divitiasque vagas nobile numen habet.

319 1394 1093 125 Pallidulumque cava nummum miratus in arca

363 1463 877 154 Possidet ah capitis damna futura sui.

320 1546 1025 159 Sic alius valido membrorum robore gaudens

363 1633 874 132 Viribus a propriis proditus inde perit.

291 1712 1009 124 At regit alterius solers sapientia mentem,

374 1786 951 131 Qui cito desertus luget ab arte sua.

292 1824 1154 183 Quis neget hoc nobis? Possunt exempla probare

348 1913 825 157 Eglon divitiis concidit ecce suis.

286 1993 1083 175 Infoelix Samson nimis istis viribus usus

335 2092 1015 115 Foemineae periit praeda cruenta manus.
