2000 2581
709 146 201 70 MOSI

342 155 926 145 Terra? Quid externos queris habere lares?

286 243 925 101 Heu nimis audaci commotus pectoris aestu

353 312 982 104 Transfers indomitas in nova regna manus.

291 380 910 115 Siste pedes oro, tibi debita iura reposce,

338 457 883 87 Dos satis in vitam sufficit una tuam.

296 512 1055 124 Quidve peregrinis aliena requiris in oris?

351 570 908 106 An nisi nunc vobis robur adesse putas?

307 646 981 102 Robur habent gentes etiam, sunt fortia tela

356 709 1007 105 Prompta etiam est illis ferrea in arma manus.

321 786 1010 106 Invenias terram facito, quis tradet habendam

352 850 1006 112 Hanc tibi? non notis quis sua rura dabit?

297 923 1060 118 Ah precor instabili nimium ne crede popello,

358 987 989 113 Crede mihi, vulgo est nulla tenenda fides.

320 1052 1059 124 Ut pelagi variis consurgunt fluctibus aestus,

316 1139 1065 97 Et modo qui favit ventus iniquus adest.

315 1190 1035 123 Sic populi studium nullo moderamine certo

371 1272 992 101 Pellitur, infido, ut ventus et unda, modo.

315 1343 1186 111 Queis modo confidis, quos nunc tibi credis amicos

367 1406 1010 119 Ah cernes, fugient triste cadentis onus.

304 1484 1158 117 Dum fortuna favet, perstant quoque corde fideli,

367 1561 971 93 Si fortuna tonat, nullus amicus erit.

328 1624 1255 131 Quare age ne nimium dubiae confidito plebi,

370 1678 945 133 In variam semper turba parata fidem est.

307 1777 1112 117 Dumque potes moneo venientia linque pericla,

375 1844 1046 105 Nam factis nimium tarda medela venit.

323 1914 1090 146 Si tamen est animus suscepto pergere cursu,

367 2003 967 101 En facias comitem me, precor, esse tibi.

335 2071 1188 124 Si licet altisonum petis indefessus Atlantem,
