2000 2581
831 138 381 98 SEPHORA

515 195 918 102 Aut ubi perpetua cum nive rura rigent.

463 257 965 108 Non ego deficiam, lateri sed iuncta fidelis

531 339 887 109 Omnia non molli corde pericla feram.

483 395 1061 125 Te duce non fugiam veniant quaecunque ferenda,

532 480 795 100 Si mihi non credas experiare precor.

459 535 884 112 Quid precor infoelix? deserti foedera lecti

523 585 927 131 Reppeto? Non satis est his cecidisse semel?

447 676 1153 128 Ah culpam fateor ⁖ nec enim mea facta negabo,

522 738 899 117 Fer tamen huc placidas ad mea vota preces.

483 802 860 113 Perfida deserui promissi iura cubilis

512 883 901 121 Et, quo non decuit mota dolore fui.

464 952 1126 131 Hęc tibi non ficto nunc audi corde fatentem,

521 1024 995 117 En tibi quae tendo brachia moesta vide.

458 1083 1310 154 En moveant lachrymę queis nunc mea scripta rigantur.

515 1155 739 105 Non satis in poenas officiosa meas.

461 1218 1093 121 Et nunc, quae poterat quondam fortasse placere

518 1299 1021 102 Me miseram luctu perdita forma meo est.

465 1362 1184 115 Non mihi sunt gemmę, non dat mihi purpura vestes

513 1440 928 87 Non Arabum comptus rore capillus olet.

451 1498 1276 116 Cur etenim sparsos discernam pectine crines,

506 1571 946 89 Orner vestitu cur modo ut ante meo?

460 1633 1278 128 Ferte procul tenues tristi de corpore amictus

503 1714 776 97 Eoo valeat gemma petita mari.

460 1777 935 113 Nam mea cui soli debebat forma placere

516 1848 972 133 Non sine tristitia vir mihi charus abest.

471 1929 1103 126 Verte precor gressus vel me quoque ducito tecum

497 2003 1009 113 Qui solus miserae portus et aura mihi es.

453 2067 1094 154 Si te non moveant nostrae lachrymaeque precesque.
