2000 2581
499 164 826 123 REBECCA IACOBO.

279 237 974 134 Nachoris hanc mittit mater tibi nate salutem

339 335 944 101 Quam te cum verbis rebus habere velim.

274 385 980 113 Accipe nate 1  precor moestae pia scripta parentis

343 459 952 108 Et cum me nequeas, hęc mea scripta vide.

287 516 897 96 Accipe, quę dudum nos expectavimus a te,

343 574 961 103 En, legito hęc tremula, quae mihi scripta manu.

310 642 954 104 Tertia luna redit, quod me, charissime fili,

343 707 890 96 Liquisti, necdum dextra locuta tua est.

302 769 1036 106 Scribimus et lachrymis per moesta fluentibus ora.

340 836 917 121 Nunc hument luctu charta sinusque meo.

302 906 1126 114 Nam quid nunc aliud faciam, mea chara voluptas,

357 969 951 104 Cum tu, qui nostra es gaudia solus, abes.

303 1034 1175 118 Hei mihi, quid dicam, quo nunc mea carmina fletu

352 1102 923 121 Ordiar? In luctum campus ubique patet.

300 1179 1210 122 Nam cum ( me miseram! ) quę sunt prius acta recordor,

347 1235 783 115 Eheu per curas degravor ipsa meas.

294 1309 1195 149 Dumque animum cruciant, spes, luctus, cura dolorque,

360 1388 811 102 Saepe toro iaceo ceu moribunda meo.

311 1436 979 117 Cum vero infoelix, quae sunt prasesentia, volvo

339 1515 1052 138 Ora madent lachrymis, corda dolore crepant.

307 1593 921 120 Ipsa domi sedeo votis operata parentis,

344 1655 962 122 Atque animum tristem spe meliore traho.

294 1730 1036 102 Et velut amisso deplorans compare turtur

350 1791 983 122 Contero per lachrymas tempus inane meas.

311 1884 1142 104 Quid superest etenim, quod nunc mea corda iuvare

349 1941 880 136 Possit et afflictę spem peperisse mihi?

301 2018 1027 131 Solus adest Isac, canis qui tardus in annis

343 2100 928 135 Coecus et in luctu tempora lenta terit.
