2000 2581
476 146 1021 148 Fratribus atque meis praesenti numine semper

503 249 1093 98 Adsis, nec merita commissae crimina cędis

501 316 1060 121 Poena castiges, placido sed pectore noxam

521 391 1117 116 Condona miseris, venient nam tempora credo ut

516 467 1183 120 Poeniteat sceleris, melius quoque vivere discent.

446 535 1018 131 Ast alii in puteo fratris cum tristia fata

520 591 1139 134 Percipiunt, rident, ludunt atque ore dĭducto

523 690 1130 109 Insultant capto misere, regemque salutant,

449 756 1186 116 O rex, o princeps, o ductor splendide fratrum,

515 821 1211 124 O sapiens, cur non tandem tua somnia promis?

524 886 1175 129 Quid manipli prosunt capto? quid sydera coeli?

527 963 1258 129 Spes num regnandi cecidit quam sydera tendunt?

526 1037 1240 115 Haec illa est qua tu princeps regnabis in aula,

528 1104 1141 125 Nostra nec insipiens referes peccata parenti,

527 1179 1076 115 Errores nostros nunquam nec crimina prodes.

454 1244 1236 121 Talibus hei misero ( tanta est insania mentis )

518 1319 1051 116 Illudunt fratres, sed non novere futura

536 1391 1079 109 Consilia aeterni domini, qui cuncta gubernat.

471 1466 1172 125 „ O dolor, o pietas, quanta insipientia mentes

493 1536 1293 130 „ Exagitat hominum, miseri dum crimina credunt

489 1603 1240 117 „ Non habitura Deum ultorem quo vindice cuncti

499 1683 1257 118 „ Punimur meritasque damus pro crimine poenas.

533 1756 1141 116 Immemores huius fratres, non numina divûm

549 1820 1155 125 Curant, non ullis verbis precibusve moventur

540 1893 1100 122 Quas ad crudeles captivus fundit Ioseph.

553 1963 1147 120 Sed rabido insani miscentes cuncta tumultu

543 2035 1269 133 Discurrunt campis celeres antrumque relinquunt.

542 2112 1308 138 Moxque gregem patriam invadunt agnosque tenellos
