2000 2581
233 103 1178 141 Beniamin hinc frater qui tanto in crimine solus

227 195 1135 108 Defuit, haud facile ingentes in corde dolores

235 259 1149 105 Sustinet infirmus iuvenis, qui fratre privatus

235 325 1058 127 Amplius haud animi tristis solatia sperat.

237 387 1156 118 Hic patris ad lectum miseri confusus acerbas

238 459 1129 126 Effudit lachrymas et luctu cuncta replevit.

235 536 1202 110 Et iam luna suum velox compleverat orbem,

249 594 1055 127 Nec tamen hi luctum nati liquere perempti,

240 684 1104 112 Sed magis atque magis coepti crevere dolores.

475 772 712 138 IOSEPHI LI:

651 887 361 109 BER II.

219 917 1038 170 Interea ad Pharia et pluviarum expertia regna

254 1041 979 121 Venerunt Madianitae et comitatus Ioseph,

258 1115 1062 120 Iamque novas adeunt terras, septemflua Nili

259 1183 1017 116 Ostia cernentes et clarae moenia Thebes,

244 1251 1013 121 Nunc Pelusiacę comparent longius orae,

239 1318 1201 118 Et loca quae quondam Macedûm ducis alta tulere

259 1396 1115 116 Moenia, tunc sed erat vilis sine nomine tellus.

257 1471 1090 112 Ah quoties iuveni patriae subit alma Cupido,

257 1548 1117 118 Atque patrem quoties animo non immemor ipse

258 1606 1054 110 Volvit, dum peregras infoelix aspicit oras.

257 1684 1243 112 Hinc modo clara petunt et regia moenia Memphis

274 1740 1137 119 Ut puerum possent cupidi ( sic fata tulere )

265 1813 1107 115 Vendere, et eximio lucro pensare laborem.

264 1882 1213 128 Nec mora postquam urbis subierunt moenia celsa,

247 1971 1106 105 Ecce venit sacro compulsus numine praeses

261 2028 1115 119 Putiphar auratis gemmis praeclarus et ostro

262 2095 1140 133 Ingreditur, crebra famulûm stipante caterva.
