2000 2581
825 140 320 106 MOSES

432 199 1081 126 Quid gemis infoelix, aut quid tua corda dolore.

497 284 926 111 Excrucias? Fletu cur tua forma perit?

432 355 995 128 An quia non praesens ego sum, tu semper inani

509 435 1018 108 Luctu vel lachrymis tempora moesta teres?

470 499 1035 119 Concipe spem lętam, melior fortuna redibit,

518 567 1003 119 Non tibi quem timeas corde rigente vir est.

462 643 1227 123 Quid metuis, ne sim nimis in tua crimina durus,

523 715 825 115 Neve tibi miserae condoluisse velim.

459 771 1009 146 Ah sexus quae sit novi impatientia vestri

519 865 1008 121 Cum non quę cupitis cuncta venire solent.

487 938 1128 121 Vix ego cui mens est maior, cui corpora firma

521 1008 957 116 Quę Dominus iussit cuncta pericla tuli.

474 1091 1183 105 Non tamen hoc decuit, coniux, non ipsa paternos

525 1154 778 120 Me sine debebas reppetiisse lares.

490 1223 1031 123 Vix etenim primo fueras percussa dolore,

533 1306 937 99 Cum cecidit pectus molle labore tuum.

475 1379 1156 118 Murmura tunc sensi non qualia nupta pudica

531 1454 992 106 Assolet in sponsum ferre proterva suum.

470 1515 1246 131 Ah, quoties nostris recreata es pectora dictis?

536 1578 835 117 Sępe ego nequiquam talia verba dedi.

467 1661 1097 134 Sephora quid luges? quid inani corda dolore

535 1731 1027 111 Conteris? En, luctus iam prope finis adest.

486 1809 1123 116 Maxima vicisti nec iam tibi multa supersunt,

513 1891 1005 107 Fac precor hęc animo nunc patiente feras.

493 1963 1098 114 Talia ( nec dubito, quin me fateare locutum )

530 2025 920 123 Sępius afflicto pectore dicta dabam.

473 2088 1189 147 Ast ubi maius onus crescit, cum dextra tonantis
