2000 2581
349 155 1119 144 Infoelix rapitur, trepidat, nec ipse resistit,

347 254 1002 102 Improvisa tuens animo crudelia fata.

343 312 1198 104 Mox tamen attollens placido sua lumina vultu,

354 380 1185 118 Talibus alloquitur meditantes crimina fratres.

291 446 1215 121 Hei mihi quo tandem, fratres, conamina tendunt

343 499 1181 133 Vestra? quid aut tantum potui committere noxae?

353 571 1383 139 Quas poenas misero? mortem et quae vincla paratis?

344 634 1127 142 Haud ego fallaci, fratres, vos crimine lęsi,

355 707 1104 117 Non unquam vobis hostilia damna paravi.

355 771 1069 130 O precor, o fratres, insonti parcite fratri.

360 850 1200 130 Intonat at reliquus coetus magnoque tumultu

357 922 1165 109 Insontem pulsant adhibentes verbera verbis.

340 986 1287 129 Et rapiunt miserum fratres ( mirabile dictu )

350 1058 1189 122 Pręcipitemque trahunt per opacę tegmina sylvę.

363 1119 1153 141 Utque locum ad dictum veniunt fontemque profundum

353 1201 1077 111 In coecae flentem demittunt viscera terrae.

366 1267 1044 111 Ast ille ut nigrae tenebrosa cubilia terrae

368 1331 1170 132 Se intravisse videt lachrymis sic fatur obortis.

296 1406 1057 128 O deus omnipotens qui celso culmine coeli

354 1476 1051 120 Imperitans proprio dispensas omnia nutu,

337 1546 1158 124 Da precor altitonans ne falso crimine fratrum

355 1619 1036 113 Oppressus caream praedulcis munere vitae.

347 1690 1238 136 Da precor ut fratres tandem sua crimina noscant,

355 1761 1164 140 Ne miserum perdant miseri, vetulumque parentem

354 1835 1038 136 Affligant, qui me postquam periisse videbit,

360 1907 1290 150 Me simul ad tristem plorans comitabitur Orcum.

349 1977 1308 155 Quod si fata volunt fratrum me perdere dextra,

353 2055 1078 134 O deus, hęc saltem misero mihi gratia detur,

363 2115 1038 145 Ne patrio existam letalis caussa dolori.
