2000 2581
599 126 385 74 IOSEPHO

300 166 940 126 Crimina quid dixi? cum talia saepe Deorum

339 237 934 127 Numina quem metuunt, Iuppiter altus agat?

310 306 904 116 Tu nova non tacti gustabis pocla Lyęi

369 378 846 104 Tu formę dotes primitiasque feres.

345 435 893 109 Ipsa etiam cunctos cupiam tolerare labores,

373 506 1049 92 Tecum orbem extremum fortis adire velim.

300 553 1251 117 Non mare, non aestus mihi amantia corda movebit,

357 633 875 115 Non rauci fluctus Caucasiumque gelu.

313 699 915 107 Sed si te rigidum non possunt illa movere,

351 760 934 116 Fac saltem lachrymis commoveare meis.

300 832 1197 131 En, domina ad famulum supplex mea brachia tendo,

358 912 960 109 Submittoque meas sub tua crura manus.

303 964 1137 133 Ah ubi nunc fastus, ubi nunc sunt iussa superba

340 1042 839 113 Et solitus, nostro qui fuit ore, rigor.

299 1104 1144 129 Omnia trado tibi patriamque domumque genusque

351 1179 862 111 Arbitrium nostrae iusque salutis habes.

287 1239 1103 121 Flecte modo precor hos animos, mihi cede roganti,

360 1298 920 122 Te moveat sexus foemineumque decus.

311 1374 1051 120 Te moveant crebro ducti gemitusque dolorque

353 1428 1060 135 Quęque mihi lachrymę pallida in ora cadunt.

335 1515 987 113 Parce precor iuvenis vitae spes unica nostrae,

337 1574 1030 118 Parce rogo ad flammas o puer orte, meas.

301 1637 1135 125 Te mihi si dederis facilem, mihi tradita vita est,

345 1707 1055 121 Sin dederis rigidum mors subeunda mihi.

308 1782 1006 118 Hęc tibi nunc mitto supplex orantia verba,

360 1851 1008 105 Cum precibus lachrimas has tibi mitto meas.

247 1915 1177 127 Restat ut hoc solum cupio quod iungere tecum

315 1980 1004 129 Det tibi si modo vis littera nostra. Vale-
