2000 2581
373 107 863 128 Corruptos vitae mores mutate prioris,

418 185 927 111 Exulet a cunctis fraus inimica procul.

375 258 977 115 Sinceras Domino cuncti protendite palmas,

446 335 816 118 Supplice commotum voce rogate Deum.

370 401 965 122 Fors etenim nostri conversa mente misertus

440 471 908 131 Reddet, quam nobis ante negavit, opem.

372 544 1131 143 Vos modo iam coeptis precibus persistite, namque his

205 621 1018 126 „ Saepius irati numinis ira cadit.

364 691 779 104 Talibus erecti cives ieiunia coepta

449 758 855 126 Cum precibus sanctis instituisse student

338 834 1000 120 Et nunc quisque suos hortatur vivere honeste

445 911 899 111 In se ne moveant fulmina saeva Dei.

358 979 895 128 Non solitus tota florebat luxus in urbe,

444 1052 804 96 Sed moesti facies funeris intus erat.

418 1122 923 117 Namque animo versant tristeis saevasque ruinas

432 1194 846 121 Et quae sperabant damna futura brevi.

412 1259 1090 130 Nunc miseros tenera spectans cum coniuge natos

449 1340 917 113 Coniux non lachrymas continuisse potest.

370 1415 1019 114 Amplius haud etenim sperat se hos posse videre

443 1486 779 120 Nec fructu uxoris delitiisque frui.

396 1562 1027 113 Nulla iuvant dapibus positis convivia lautis

431 1630 938 114 Et nulla algificus corpora Somnus habet.

368 1699 1047 129 Et quocunque pedum miseri vestigia figunt,

446 1776 1015 123 Conscia mens sceleris turpeque crimen adest.

362 1851 1056 126 Quique prius nullis vivebant legibus, heu nunc

441 1923 935 111 Iratum cernunt, quid sit habere DEUM.

416 1996 1069 133 Nec mora longa levat luctus miserosque dolores,

431 2084 909 126 Sed maior longo tempore cura venit.
