2000 2581
851 100 402 76 REBECCA

235 132 1298 121 〈 Gen. 19 〉 Et velut ad Sodomas spectans Lothëia coniux,

512 218 936 98 Defunctę similis mortis imago steti.

476 284 1016 121 Utque animus rediit, rediit quoque pristina cura,

536 348 966 105 Conturbant mentem tanta pericla meam.

482 402 1112 128 Nunc quoque, dum memini scribendi munere fessa

521 475 1022 105 En, iacet in gremio languida facta manus,

469 531 1099 121 Largius et solito mea tristia lumina stillant,

524 619 939 96 Aspice sit nunc hoc quanta litura loco.

480 676 917 113 Ne tamen auxilium fili tibi spesque dĕesset,

527 755 796 94 Hęc sum sollicito verba locuta patri.

471 808 1025 117 Nachorides, venerande senex, dilecte marite,

534 883 961 108 Cum quo sum gemino pignore facta parens.

487 953 1062 115 Quid tam sollicitus genitor tibi profuit Abram

517 1020 922 105 Dum petit e Syria foedera nostra tibi?

488 1089 964 111 Si nunc illius qui sunt de stirpe creati

541 1164 924 111 Non curant gentis vincula sacra suae.

491 1229 1068 105 Cur nunc natus Esau peregrino captus amore

531 1300 933 105 Alterius sequitur iura prophana thori?

509 1368 910 107 Vivere me nolim, si talia natus Iacob

521 1444 950 101 Fecerit, ah, mortis sit prior, oro, dies.

487 1506 986 114 An quia nunc desint nostra de gente puellae,

545 1574 942 110 Atque velit nostros scandere nulla thoros?

485 1644 1082 113 Quid mihi Labanus frater, qui divite cultu

536 1724 875 96 Clarus in Assyria pascua lęta colit?

493 1781 938 111 Talia tardigrado dicebam verba parenti

529 1849 877 114 Ast aliud, pectus quo premeretur, erat.

483 1913 1053 134 Hic iubet adcersi, Syriamque iuberis aquosam,

530 1995 883 115 Hei nimium longa solus adire via.

490 2066 1103 114 Quid mihi tunc animi credis mi nate fuisse?
