2000 2581
471 150 1107 133 Hic opibus splendens multis dextraque potenti

472 242 1152 107 Aegypti in cunctas urbes moderamen habebat.

466 305 1196 118 Rex etenim Pharao regni qui sceptra tenebat

485 375 1169 121 Pro meritis magicis quibus hunc affecerat ille

474 438 1060 95 Evectum clare multo cumulavit honore.

483 506 1165 124 Hic ubi florentem iuvenem conspexit Ioseph

473 565 1213 132 Et placidos mores generoso in corpore, vultus

483 642 1207 119 Assimiles divum, placuit mox forma decora

485 716 1231 112 Quę blandum blando gestu spirabat amorem,

493 790 1213 112 Continuo hic puerum argento multisque redemit

477 840 1137 138 Divitiis, placidę captus dulcedine formae,

489 914 1167 117 Moxque domum ductum praeclaris vestibus ornat.

448 989 1027 117 Ille sed ut patriae gratae non immemor orę

480 1059 1044 105 Servitio insueto cernit sua corpora cogi,

489 1117 1187 113 Non tenuit gemitus lachrimis et luget obortis

482 1177 1065 112 Atque oculis placidis praelargus profluit imber.

495 1243 1163 125 Ast dominus lachrymas cernens gemitusque dolentes

489 1300 917 130 Ingemit, et sortem pueri solatur iniquam,

450 1379 1085 96 Parce puer lachrymis, nec enim tibi tristia fata

495 1442 1055 96 Nunc fuerint servo, fueris si corde fideli,

495 1498 1010 117 Novimus humani generis casusque vicesque

502 1566 1076 105 Cunctaque quae rapiunt misere tristissima fata.

502 1634 917 105 Sed mihi quae patriae tellus quae gentis origo

485 1698 1106 103 Dissere, quis casus nostras te duxit in oras?

495 1764 1076 111 Talia querenti iuvenis mox ordine cuncta

501 1830 1166 97 Pandit, res omnes narrans ab origine prima,

484 1891 964 100 Et patriae fines, generis quae prima propago,

498 1947 1066 110 Invidiae caussas et fratrum crimina dira

487 2008 1076 119 Exponit mediis quatiens singultibus ora.

441 2071 1122 116 Ast ubi narrantis vultus et singula verba

495 2139 1080 122 Putiphar agnovit, blandosque in corpore gestus
