2000 2581
504 140 1016 128 Stantque comae rigidae, non ullus gutture sermo

503 220 989 107 Ah timidis exit, nec quid dicant faciantve

521 290 1070 103 Noverunt miseri trepidantes pectore perstant,

512 350 1069 101 Et commissa refert horrentia crimina vultus.

448 418 1056 110 „ Hei quam difficile est et quanti cura laboris

438 475 1103 116 „ Peccatum proprium proprio non prodere vultu?

534 547 1104 111 Vix tandem miserum tangunt, terraque iacentem

524 612 1108 121 Tollunt, et gelidis conspergunt tempora limphis.

515 684 1140 100 Accurrunt famulę et labantia corpora dextris

513 754 1154 97 Ah miserę retinent, verum hic caligine pressus

519 798 1110 125 Pallidus haud unquam pallentia lumina tollit.

520 876 1183 131 Ast ubi cum tenebris noctis quoque cessit imago,

513 948 1158 128 Pristinus et rediit tandem sub corpora sensus

511 1017 1126 108 Ah miser ut tristis fluitantia lumina tollit

530 1089 1149 122 Omnia vociferans moestis ululatibus implet.

442 1146 1199 125 Ah deus omnipotens ( inquit ) qui numine sancto

530 1216 1114 119 Imperitas cunctis, quid ego committere tantum

535 1277 1051 127 Infoelix potui, gnatus quod morte periret

530 1354 1006 103 Crudeli ah insons nostrae solatia mentis?

514 1418 1103 125 O dolor, o fili, quis te mihi casus ademit?

515 1488 1182 135 Hei mihi me miserum, facinus quae belua tantum

518 1564 1162 132 Aussa est in puerum vellet quae pessima dentes

532 1635 1279 129 Stringere et innocuum male sana haurire cruorem?

520 1712 1184 119 Hei mihi quid posthac misero superesse iuvabit

526 1776 1133 135 Ereptus misero cum sit mihi filius insons?

525 1851 1135 141 Amplius o domine haud nobis tardantia differ

530 1931 1148 136 Tempora, ne invito posthac mihi vivere detur.

538 2002 1020 127 Cur etenim cupiam tanto superesse dolori

539 2071 1130 136 Cum infirmę aetati solatia nulla supersint?

535 2131 1279 156 Hunc etenim solum quem spem columenque senectae
