<?xml version="1.0" encoding="UTF-8"?>
<alto xmlns:xsi="http://www.w3.org/2001/XMLSchema-instance"
      xmlns="http://www.loc.gov/standards/alto/ns-v4#"
      xmlns:page="http://schema.primaresearch.org/PAGE/gts/pagecontent/2013-07-15"
      xsi:schemaLocation="http://www.loc.gov/standards/alto/ns-v4# https://www.loc.gov/standards/alto/v4/alto.xsd">
   <Description>
      <MeasurementUnit>pixel</MeasurementUnit>
      <OCRProcessing ID="IdOcr">
         <ocrProcessingStep>
            <processingDateTime>2021-05-22T12:11:36.711+02:00</processingDateTime>
            <processingSoftware>
               <softwareCreator>READ COOP</softwareCreator>
               <softwareName>Transkribus</softwareName>
            </processingSoftware>
         </ocrProcessingStep>
      </OCRProcessing>
   </Description>
   <Layout>
      <Page ID="Page1" PHYSICAL_IMG_NR="1" HEIGHT="2581" WIDTH="2000">
         <TopMargin HEIGHT="0" WIDTH="2000" VPOS="0" HPOS="0"/>
         <LeftMargin HEIGHT="2581" WIDTH="0" VPOS="0" HPOS="0"/>
         <RightMargin HEIGHT="2581" WIDTH="0" VPOS="0" HPOS="2000"/>
         <BottomMargin HEIGHT="0" WIDTH="2000" VPOS="2581" HPOS="0"/>
         <PrintSpace HEIGHT="2581" WIDTH="2000" VPOS="0" HPOS="0">
            <TextBlock ID="r1" HEIGHT="1991" WIDTH="1262" VPOS="187" HPOS="461">
               <Shape>
                  <Polygon POINTS="461,187 461,2178 1723,2178 1723,187"/>
               </Shape>
               <TextLine ID="r1l1"
                         BASELINE="509,226 562,223 616,220 669,219 723,218 777,217 830,216 884,216 938,216 991,217 1045,218 1098,218 1152,219 1206,220 1259,220 1313,221 1367,221 1420,222 1474,222 1528,222"
                         HEIGHT="117"
                         WIDTH="1034"
                         VPOS="147"
                         HPOS="501">
                  <String ID="string_r1l1"
                          HEIGHT="117"
                          WIDTH="1034"
                          VPOS="147"
                          HPOS="501"
                          CONTENT="Ter conata loqui, ter ceptis destitit amensm"/>
               </TextLine>
               <TextLine ID="r1l2"
                         BASELINE="507,288 558,285 610,283 661,281 713,279 765,279 816,278 868,278 919,278 971,279 1023,279 1074,280 1126,281 1177,282 1229,282 1281,283 1332,283 1384,283 1435,283 1487,282 1539,281"
                         HEIGHT="116"
                         WIDTH="1047"
                         VPOS="215"
                         HPOS="500">
                  <String ID="string_r1l2"
                          HEIGHT="116"
                          WIDTH="1047"
                          VPOS="215"
                          HPOS="500"
                          CONTENT="Et titubat tanti sceleris sibi conscia lingua,"/>
               </TextLine>
               <TextLine ID="r1l3"
                         BASELINE="506,347 557,344 608,343 660,341 711,340 763,339 814,339 866,339 917,339 969,339 1020,339 1071,339 1123,340 1174,341 1226,341 1277,342 1329,343 1380,344 1432,345 1483,346 1535,346"
                         HEIGHT="106"
                         WIDTH="1044"
                         VPOS="288"
                         HPOS="498">
                  <String ID="string_r1l3"
                          HEIGHT="106"
                          WIDTH="1044"
                          VPOS="288"
                          HPOS="498"
                          CONTENT="Eloquitur tandem demensque silentia rumpit."/>
               </TextLine>
               <TextLine ID="r1l4"
                         BASELINE="461,408 506,405 552,403 597,401 643,400 689,399 734,399 780,399 826,399 871,399 917,399 963,400 1008,400 1054,401 1100,401 1145,402 1191,402 1237,402 1282,402 1328,402 1374,402"
                         HEIGHT="96"
                         WIDTH="929"
                         VPOS="347"
                         HPOS="453">
                  <String ID="string_r1l4"
                          HEIGHT="96"
                          WIDTH="929"
                          VPOS="347"
                          HPOS="453"
                          CONTENT="O formose puer cordis solatia nostri, "/>
               </TextLine>
               <TextLine ID="r1l5"
                         BASELINE="517,476 569,473 621,469 673,467 725,465 777,464 829,463 881,462 933,461 985,461 1037,461 1089,462 1141,462 1193,463 1245,464 1297,465 1349,466 1401,467 1453,468 1505,468 1557,469"
                         HEIGHT="113"
                         WIDTH="1054"
                         VPOS="404"
                         HPOS="510">
                  <String ID="string_r1l5"
                          HEIGHT="113"
                          WIDTH="1054"
                          VPOS="404"
                          HPOS="510"
                          CONTENT="Siste gradum quaeso, nec voces sperne loquentis. "/>
               </TextLine>
               <TextLine ID="r1l6"
                         BASELINE="505,538 555,535 605,532 656,530 706,528 757,526 807,525 857,525 908,524 958,524 1009,524 1059,524 1109,525 1160,526 1210,527 1261,528 1311,529 1361,530 1412,532 1462,533 1513,534"
                         HEIGHT="105"
                         WIDTH="1023"
                         VPOS="468"
                         HPOS="498">
                  <String ID="string_r1l6"
                          HEIGHT="105"
                          WIDTH="1023"
                          VPOS="468"
                          HPOS="498"
                          CONTENT="Foelix illa dies quę te ad septenflua Nili "/>
               </TextLine>
               <TextLine ID="r1l7"
                         BASELINE="517,604 564,600 612,597 660,594 708,592 756,590 803,589 851,588 899,587 947,587 995,587 1042,587 1090,588 1138,589 1186,589 1234,590 1281,591 1329,592 1377,593 1425,594 1473,595"
                         HEIGHT="84"
                         WIDTH="971"
                         VPOS="538"
                         HPOS="509">
                  <String ID="string_r1l7"
                          HEIGHT="84"
                          WIDTH="971"
                          VPOS="538"
                          HPOS="509"
                          CONTENT="Ostia deduxit Pharias ut cernerĕs oras. "/>
               </TextLine>
               <TextLine ID="r1l8"
                         BASELINE="515,661 562,658 610,655 657,653 705,651 752,650 800,648 847,647 895,647 942,647 990,647 1037,647 1085,647 1132,648 1180,649 1227,650 1275,651 1322,652 1370,653 1417,654 1465,656"
                         HEIGHT="103"
                         WIDTH="964"
                         VPOS="594"
                         HPOS="508">
                  <String ID="string_r1l8"
                          HEIGHT="103"
                          WIDTH="964"
                          VPOS="594"
                          HPOS="508"
                          CONTENT="At mihi lux fuerit longe foelicior illa, "/>
               </TextLine>
               <TextLine ID="r1l9"
                         BASELINE="526,716 572,713 619,711 666,709 713,708 760,707 807,707 853,706 900,706 947,706 994,707 1041,707 1088,708 1135,709 1181,709 1228,711 1275,711 1322,712 1369,713 1416,714 1463,714"
                         HEIGHT="112"
                         WIDTH="952"
                         VPOS="648"
                         HPOS="519">
                  <String ID="string_r1l9"
                          HEIGHT="112"
                          WIDTH="952"
                          VPOS="648"
                          HPOS="519"
                          CONTENT="Quę tectis nostris talem succedere fecit. "/>
               </TextLine>
               <TextLine ID="r1l10"
                         BASELINE="522,776 571,773 621,771 671,770 720,768 770,767 820,767 869,766 919,766 969,766 1019,767 1068,767 1118,768 1168,768 1217,769 1267,770 1317,771 1366,772 1416,773 1466,774 1516,774"
                         HEIGHT="98"
                         WIDTH="1008"
                         VPOS="709"
                         HPOS="515">
                  <String ID="string_r1l10"
                          HEIGHT="98"
                          WIDTH="1008"
                          VPOS="709"
                          HPOS="515"
                          CONTENT="O utinam nostri tam esset tibi cura laboris, "/>
               </TextLine>
               <TextLine ID="r1l11"
                         BASELINE="525,837 577,834 630,832 683,829 735,828 788,827 841,826 893,825 946,825 999,826 1052,826 1104,827 1157,828 1210,829 1262,830 1315,831 1368,833 1420,834 1473,835 1526,837 1579,838"
                         HEIGHT="93"
                         WIDTH="1069"
                         VPOS="776"
                         HPOS="517">
                  <String ID="string_r1l11"
                          HEIGHT="93"
                          WIDTH="1069"
                          VPOS="776"
                          HPOS="517"
                          CONTENT="Quam te foelicem semper mea pectora curant. "/>
               </TextLine>
               <TextLine ID="r1l12"
                         BASELINE="513,901 571,896 629,892 687,889 745,887 803,885 861,884 919,884 977,884 1035,885 1093,886 1151,887 1209,889 1267,891 1325,892 1383,894 1441,896 1499,898 1557,900 1615,901 1673,903"
                         HEIGHT="108"
                         WIDTH="1175"
                         VPOS="830"
                         HPOS="506">
                  <String ID="string_r1l12"
                          HEIGHT="108"
                          WIDTH="1175"
                          VPOS="830"
                          HPOS="506"
                          CONTENT="Aut utinam possent tantum mea verba loquendo "/>
               </TextLine>
               <TextLine ID="r1l13"
                         BASELINE="524,967 579,961 635,956 691,953 747,950 802,948 858,947 914,946 970,946 1025,947 1081,948 1137,949 1193,950 1248,952 1304,953 1360,955 1416,956 1471,957 1527,958 1583,958 1639,958"
                         HEIGHT="104"
                         WIDTH="1130"
                         VPOS="892"
                         HPOS="517">
                  <String ID="string_r1l13"
                          HEIGHT="104"
                          WIDTH="1130"
                          VPOS="892"
                          HPOS="517"
                          CONTENT="Proficere, ut lūbens compleres iussa monentis."/>
               </TextLine>
               <TextLine ID="r1l14"
                         BASELINE="535,1030 584,1025 634,1020 683,1016 733,1013 782,1012 832,1010 881,1009 931,1009 980,1010 1030,1010 1079,1011 1129,1013 1178,1014 1228,1015 1277,1017 1327,1018 1376,1019 1426,1019 1475,1019 1525,1019"
                         HEIGHT="97"
                         WIDTH="1005"
                         VPOS="960"
                         HPOS="527">
                  <String ID="string_r1l14"
                          HEIGHT="97"
                          WIDTH="1005"
                          VPOS="960"
                          HPOS="527"
                          CONTENT="Certe ego prae cunctis foelix mortalibus essem"/>
               </TextLine>
               <TextLine ID="r1l15"
                         BASELINE="518,1092 574,1086 631,1081 687,1078 744,1074 800,1072 857,1070 913,1069 970,1069 1026,1070 1083,1070 1140,1072 1196,1074 1253,1075 1309,1078 1366,1080 1422,1082 1479,1084 1535,1086 1592,1089 1649,1091"
                         HEIGHT="99"
                         WIDTH="1146"
                         VPOS="1024"
                         HPOS="511">
                  <String ID="string_r1l15"
                          HEIGHT="99"
                          WIDTH="1146"
                          VPOS="1024"
                          HPOS="511"
                          CONTENT="Si caperes placidus nunc anxia vota precantis."/>
               </TextLine>
               <TextLine ID="r1l16"
                         BASELINE="523,1149 580,1145 637,1142 694,1139 751,1137 808,1135 865,1133 923,1133 980,1132 1037,1132 1094,1133 1151,1134 1208,1135 1265,1136 1323,1138 1380,1139 1437,1141 1494,1143 1551,1146 1608,1148 1666,1150"
                         HEIGHT="100"
                         WIDTH="1157"
                         VPOS="1085"
                         HPOS="516">
                  <String ID="string_r1l16"
                          HEIGHT="100"
                          WIDTH="1157"
                          VPOS="1085"
                          HPOS="516"
                          CONTENT="Obstupuit iuvenis, nec quo modo talia tendant"/>
               </TextLine>
               <TextLine ID="r1l17"
                         BASELINE="529,1205 580,1204 631,1202 683,1201 734,1199 786,1198 837,1197 888,1196 940,1196 991,1195 1043,1195 1094,1195 1145,1195 1197,1195 1248,1196 1300,1197 1351,1198 1402,1199 1454,1201 1505,1203 1557,1205"
                         HEIGHT="95"
                         WIDTH="1044"
                         VPOS="1141"
                         HPOS="521">
                  <String ID="string_r1l17"
                          HEIGHT="95"
                          WIDTH="1044"
                          VPOS="1141"
                          HPOS="521"
                          CONTENT="Novit, et excipiens dictis huic talia fatur. "/>
               </TextLine>
               <TextLine ID="r1l18"
                         BASELINE="473,1268 531,1266 589,1264 647,1263 706,1261 764,1260 822,1259 881,1258 939,1258 997,1257 1056,1257 1114,1258 1172,1258 1230,1259 1289,1259 1347,1260 1405,1262 1464,1263 1522,1265 1580,1267 1639,1269"
                         HEIGHT="86"
                         WIDTH="1181"
                         VPOS="1207"
                         HPOS="465">
                  <String ID="string_r1l18"
                          HEIGHT="86"
                          WIDTH="1181"
                          VPOS="1207"
                          HPOS="465"
                          CONTENT="O domina haud nescis cui me parere volentem "/>
               </TextLine>
               <TextLine ID="r1l19"
                         BASELINE="522,1334 574,1330 627,1328 680,1326 733,1324 786,1322 839,1321 892,1321 945,1320 998,1320 1051,1320 1103,1321 1156,1321 1209,1322 1262,1323 1315,1324 1368,1325 1421,1326 1474,1327 1527,1327 1580,1328"
                         HEIGHT="99"
                         WIDTH="1072"
                         VPOS="1267"
                         HPOS="515">
                  <String ID="string_r1l19"
                          HEIGHT="99"
                          WIDTH="1072"
                          VPOS="1267"
                          HPOS="515"
                          CONTENT="Fas est, nec cupio iussis rēsistere dignis,"/>
               </TextLine>
               <TextLine ID="r1l20"
                         BASELINE="536,1401 589,1396 643,1392 697,1389 751,1387 804,1385 858,1383 912,1382 966,1382 1019,1382 1073,1382 1127,1383 1181,1384 1234,1385 1288,1386 1342,1387 1396,1388 1449,1389 1503,1391 1557,1392 1611,1392"
                         HEIGHT="100"
                         WIDTH="1089"
                         VPOS="1331"
                         HPOS="529">
                  <String ID="string_r1l20"
                          HEIGHT="100"
                          WIDTH="1089"
                          VPOS="1331"
                          HPOS="529"
                          CONTENT="Non ipsa ignoras semper quam pectore fido "/>
               </TextLine>
               <TextLine ID="r1l21"
                         BASELINE="535,1468 591,1463 647,1458 703,1454 759,1451 815,1448 871,1447 927,1446 983,1445 1039,1445 1096,1445 1152,1446 1208,1446 1264,1447 1320,1448 1376,1449 1432,1449 1488,1449 1544,1450 1600,1449 1657,1448"
                         HEIGHT="98"
                         WIDTH="1137"
                         VPOS="1395"
                         HPOS="527">
                  <String ID="string_r1l21"
                          HEIGHT="98"
                          WIDTH="1137"
                          VPOS="1395"
                          HPOS="527"
                          CONTENT="Servierim promptus, quod si quid facta iuvare "/>
               </TextLine>
               <TextLine ID="r1l22"
                         BASELINE="536,1526 594,1521 652,1517 710,1513 768,1511 826,1509 884,1508 943,1507 1001,1506 1059,1506 1117,1507 1175,1507 1233,1508 1291,1509 1350,1510 1408,1511 1466,1512 1524,1513 1582,1514 1640,1515 1699,1515"
                         HEIGHT="101"
                         WIDTH="1177"
                         VPOS="1453"
                         HPOS="529">
                  <String ID="string_r1l22"
                          HEIGHT="101"
                          WIDTH="1177"
                          VPOS="1453"
                          HPOS="529"
                          CONTENT="Te mea nunc possunt, non est, quod dicta refutem."/>
               </TextLine>
               <TextLine ID="r1l23"
                         BASELINE="493,1593 548,1589 604,1584 659,1581 715,1578 770,1576 826,1574 881,1573 937,1572 992,1572 1048,1572 1103,1572 1159,1572 1214,1573 1270,1573 1325,1574 1381,1575 1436,1575 1492,1576 1547,1577 1603,1577"
                         HEIGHT="108"
                         WIDTH="1124"
                         VPOS="1519"
                         HPOS="486">
                  <String ID="string_r1l23"
                          HEIGHT="108"
                          WIDTH="1124"
                          VPOS="1519"
                          HPOS="486"
                          CONTENT="Ingerit his domina, ô utinam non pectore ficto "/>
               </TextLine>
               <TextLine ID="r1l24"
                         BASELINE="536,1653 590,1649 645,1646 699,1644 754,1642 808,1640 863,1639 917,1639 972,1638 1026,1638 1081,1639 1135,1639 1190,1640 1244,1640 1299,1641 1353,1641 1408,1641 1462,1641 1517,1641 1571,1641 1626,1640"
                         HEIGHT="119"
                         WIDTH="1106"
                         VPOS="1577"
                         HPOS="528">
                  <String ID="string_r1l24"
                          HEIGHT="119"
                          WIDTH="1106"
                          VPOS="1577"
                          HPOS="528"
                          CONTENT="Hęc dicas, sed dictis resque fidesque sequatur. "/>
               </TextLine>
               <TextLine ID="r1l25"
                         BASELINE="531,1719 586,1715 642,1711 698,1708 753,1706 809,1704 865,1703 921,1702 976,1702 1032,1702 1088,1703 1144,1703 1199,1704 1255,1705 1311,1706 1367,1707 1422,1708 1478,1708 1534,1708 1590,1708"
                         HEIGHT="105"
                         WIDTH="1073"
                         VPOS="1645"
                         HPOS="524">
                  <String ID="string_r1l25"
                          HEIGHT="105"
                          WIDTH="1073"
                          VPOS="1645"
                          HPOS="524"
                          CONTENT="O foelix nimium mulier quae lęta iugales "/>
               </TextLine>
               <TextLine ID="r1l26"
                         BASELINE="531,1780 588,1776 645,1771 702,1768 759,1765 816,1764 873,1762 930,1762 987,1762 1044,1762 1101,1763 1158,1764 1215,1766 1272,1767 1329,1769 1386,1771 1443,1772 1500,1774 1557,1775 1614,1776 1672,1777"
                         HEIGHT="107"
                         WIDTH="1156"
                         VPOS="1708"
                         HPOS="524">
                  <String ID="string_r1l26"
                          HEIGHT="107"
                          WIDTH="1156"
                          VPOS="1708"
                          HPOS="524"
                          CONTENT="Intrabit thalamos tecum, quam foedere lecti "/>
               </TextLine>
               <TextLine ID="r1l27"
                         BASELINE="543,1847 602,1842 661,1838 720,1834 779,1831 838,1829 897,1827 956,1826 1015,1825 1074,1825 1133,1825 1192,1826 1251,1827 1310,1829 1369,1830 1428,1832 1487,1834 1546,1837 1605,1840 1664,1842 1723,1845"
                         HEIGHT="108"
                         WIDTH="1195"
                         VPOS="1776"
                         HPOS="536">
                  <String ID="string_r1l27"
                          HEIGHT="108"
                          WIDTH="1195"
                          VPOS="1776"
                          HPOS="536"
                          CONTENT="Suscipias, longum quo tecum transigat aevum."/>
               </TextLine>
               <TextLine ID="r1l28"
                         BASELINE="536,1910 586,1905 636,1900 687,1897 737,1894 787,1892 838,1890 888,1889 938,1888 989,1887 1039,1887 1089,1888 1140,1889 1190,1890 1240,1891 1291,1893 1341,1894 1391,1896 1442,1898 1492,1900 1543,1903"
                         HEIGHT="115"
                         WIDTH="1022"
                         VPOS="1826"
                         HPOS="529">
                  <String ID="string_r1l28"
                          HEIGHT="115"
                          WIDTH="1022"
                          VPOS="1826"
                          HPOS="529"
                          CONTENT="Non ego divitias celsas, nec sceptra tenere "/>
               </TextLine>
               <TextLine ID="r1l29"
                         BASELINE="529,1968 582,1963 635,1958 688,1954 741,1951 794,1949 847,1946 901,1945 954,1944 1007,1944 1060,1944 1113,1944 1166,1945 1219,1947 1273,1949 1326,1951 1379,1953 1432,1957 1485,1960 1538,1964 1592,1968"
                         HEIGHT="116"
                         WIDTH="1078"
                         VPOS="1893"
                         HPOS="522">
                  <String ID="string_r1l29"
                          HEIGHT="116"
                          WIDTH="1078"
                          VPOS="1893"
                          HPOS="522"
                          CONTENT="Regia nunc cupiam, possim si lęta favorem"/>
               </TextLine>
               <TextLine ID="r1l30"
                         BASELINE="527,2031 580,2025 633,2020 687,2015 740,2012 794,2009 847,2008 900,2006 954,2006 1007,2006 1061,2006 1114,2008 1167,2009 1221,2011 1274,2013 1328,2017 1381,2020 1434,2023 1488,2026 1541,2030 1595,2034"
                         HEIGHT="101"
                         WIDTH="1084"
                         VPOS="1960"
                         HPOS="519">
                  <String ID="string_r1l30"
                          HEIGHT="101"
                          WIDTH="1084"
                          VPOS="1960"
                          HPOS="519"
                          CONTENT="Conciliare tuum, castumque intrare cubile. "/>
               </TextLine>
               <TextLine ID="r1l31"
                         BASELINE="532,2093 586,2087 641,2082 696,2079 750,2075 805,2073 860,2071 914,2070 969,2070 1024,2070 1079,2071 1133,2072 1188,2074 1243,2076 1297,2079 1352,2082 1407,2085 1461,2088 1516,2092 1571,2096 1626,2099"
                         HEIGHT="121"
                         WIDTH="1109"
                         VPOS="2018"
                         HPOS="525">
                  <String ID="string_r1l31"
                          HEIGHT="121"
                          WIDTH="1109"
                          VPOS="2018"
                          HPOS="525"
                          CONTENT="Hei mihi quid referam infoelix, quae denique lingua "/>
               </TextLine>
               <TextLine ID="r1l32"
                         BASELINE="533,2150 586,2146 640,2142 694,2139 748,2137 802,2135 855,2134 909,2133 963,2133 1017,2134 1071,2135 1124,2136 1178,2138 1232,2140 1286,2142 1340,2145 1393,2148 1447,2152 1501,2156 1555,2159 1609,2164"
                         HEIGHT="128"
                         WIDTH="1092"
                         VPOS="2079"
                         HPOS="525">
                  <String ID="string_r1l32"
                          HEIGHT="128"
                          WIDTH="1092"
                          VPOS="2079"
                          HPOS="525"
                          CONTENT="Infandos poterit dicendo aequare labores? "/>
               </TextLine>
            </TextBlock>
            <TextBlock ID="r2" HEIGHT="150" WIDTH="12" VPOS="1049" HPOS="1676">
               <Shape>
                  <Polygon POINTS="1676,1049 1676,1199 1688,1199 1688,1049"/>
               </Shape>
               <TextLine ID="r2l1"
                         BASELINE="1676,1149 1688,1149"
                         HEIGHT="100"
                         WIDTH="27"
                         VPOS="1060"
                         HPOS="1668">
                  <String ID="string_r2l1"
                          HEIGHT="100"
                          WIDTH="27"
                          VPOS="1060"
                          HPOS="1668"
                          CONTENT=""/>
               </TextLine>
            </TextBlock>
         </PrintSpace>
      </Page>
   </Layout>
</alto>
