2000 2581
506 130 1130 126 Conceptas nutris, aulae dum quisquis honorem

495 218 1109 116 Deposcit cupidus? non hęc sententia divum,

511 275 921 103 Ut Pharius praeses tali potiatur honore.

491 331 1182 129 Est tibi nam famulus peregrinis ductus ab oris,

496 409 1059 117 Emptus praegrandi pretio, cui nomen Ioseph,

498 475 1200 121 Quem iubeo ut multis captato munere dones.

497 532 1088 136 Dixit et in noctis tenebras discessit imago.

517 616 1179 110 Iamque dies oriens nocturnas discutit umbras,

504 679 1173 123 Et vario fulgens auro strepit aula tumultu,

508 747 1076 113 Collecti proceres cupiunt quis sumat honorem

495 804 1228 120 Discere, quis capiat splendentia munera victor.

513 870 1090 116 Ingreditur tandem famulûm comitante caterva

511 935 962 110 Putiphar, et solio summus consedit eburno,

504 994 955 127 Spectatusque diu tandem sic ora resolvit.

501 1059 1144 119 Nunc precor attentis animis mea discite verba,

511 1135 1128 111 Aegypti proceres, quībus nunc pectora surgunt

503 1191 1225 106 Dum modo defuncti famuli sibi munera poscunt.

499 1259 1208 96 Ast me dum curas varias huc divido et illuc

515 1318 1218 133 Omnibus explicuit veniens mihi noctis imago.

505 1378 1099 120 Quarĕ rogo divum coelesti cedite menti

505 1442 1185 106 Munera nam vobis coelestia numina tollunt,

498 1510 1220 126 Hęc ubi dicta dedit famulum compellat Ioseph.

516 1574 999 126 O puer huc patriis ad nos deductus ab oris

498 1643 1238 116 Linque metus trepidos foelix, mea concipe verba.

506 1708 1166 105 Nam tibi nocturno perdoctus numine munus

494 1776 1084 108 Defero, teque deus tanto dignatur honore,

513 1810 1162 134 Tu modo fac fidi famuli te munere functum

504 1905 1171 123 Conspiciam lętus ne spes mihi cedat inanis.

495 1973 1196 110 Dixit et attonitum manibus contrectat amicis.

510 2043 1005 107 Imperat et vestes promi quas induat ille.

502 2100 1162 122 Mirantur proceres iuvenem, quisque huius origo

491 2170 1143 124 Discere percupiunt, quem hoc sit dignatus honore.
