2000 2581
811 116 492 93 SEPHIRA

444 163 957 138 An tu, qui domino nimium vis esse fidelis

543 249 1005 106 Caussa eris, hic chara coniuge ut orbus eat?

468 317 967 106 Falso, crede mihi, iactabis munera servi,

544 379 852 114 Si tibi tam vilis uxor herilis erit.

483 444 1024 104 Si dominum curas, curam quoque coniugis eius

535 514 817 103 Accipe, ne pereat labe perempta gravi.

494 560 1034 130 Hoc petit officium, cura hoc quoque poscit herilis,

558 634 823 112 Hoc poscit domino tradita sancta fides.

482 692 981 108 Sed si vana monet lecti reverentia herilis

533 755 942 106 Et metuis domini iussus adire torum.

491 819 1084 121 Ah nimium es simplex ne dicam stultus Ioseph

536 890 973 106 Si timidam mentem parva movere queunt.

513 939 1170 109 Quod metuas non est. Quis enim tua facta videbit?

560 1012 929 117 Quis nostros lusus furtaque nosse potest?

506 1071 1056 141 Non reseranda tibi fuerit mea ianua nocte,

557 1148 924 112 Non tibi fallendus ianitor ullus erit.

512 1213 1167 114 Nos domus una tenet, thalamo teneamur eodem

559 1280 1024 128 Nemo congressus qui reprehendat adest.

512 1356 1129 106 Te dominus statuit fieres ut summus in aula

543 1419 858 115 Res omnes soli credidit ipse suas.

505 1482 936 123 Suspicio surget nunquam si limina tangas

558 1557 895 117 Nostra, nec officiet garrula lingua tibi.

518 1611 885 145 Ipsa etiam vitae studiis confisa prioris

580 1687 828 121 Tempore ludendi liberiore fruar.

495 1747 1085 124 Ante mihi nullo de crimine fama laborat,

551 1822 1036 111 Casta etenim semper conspicienda fui.

520 1893 1043 103 Primus eris nostrę Veneris qui gaudia sumes,

566 1955 822 114 Te pēnes nostri praeda pudoris erit.

506 2007 1086 121 Tu mea decerpes florentia munera formae

581 2083 831 113 Tu nostrę vitae crimina solus eris.
