2000 2581
660 106 289 104 DAVIDI

354 182 946 118 Hei gravior plumbo sarcina tanta sedet.

293 250 1279 127 Nam modo me cruciant gemitus lachrymaeque perennes,

365 329 928 114 Nunc ardent tristi conscia corda face.

303 404 1145 124 Quaque fero gressus semper mihi crimen oberrat

358 476 913 126 Et gravis amissi poena pudoris adest.

317 540 1095 138 Nunc animam inferni proles perturbat Erynnis,

356 627 969 130 Quę sceleris poenam iuditiumque petit.

315 698 1127 133 Nunc me audire viri credo moestissima verba,

356 788 900 106 Ille suae mortis me vocat esse ream.

299 848 1062 125 Sive vehit tepidum candenti lumine currum

372 943 910 111 Titan, seu patrui caerula regna petit,

307 1005 1142 120 Semper me lachrymae, semper me facta pudoris

369 1083 968 111 Conscia perterrent, semper acerba gemo.

308 1161 1244 126 Nam mihi quid superest? quo me solamine credis

371 1229 923 133 Coniuge defuncto corde dolente frui?

310 1316 1138 123 Ille erat hei solus qui tristia cuncta levabat,

367 1380 1200 142 Qui nunc pro officiis munera mortis habet.

311 1473 1203 122 Illa dies nocuit cum me mea membra lavantem

381 1548 888 113 Vidisti, visa me tibi venit amor.

309 1627 1062 130 Cur unquam tepidis undis mea corpora lavi?

377 1700 1043 144 Cur unxi teneres hei male sana pedes?

322 1773 1089 147 Tu quoque cur armis, quę semper ferre solebas,

362 1865 903 131 Mansisti positis ocia lenta colens?

322 1945 1276 132 Tunc ubi erant vires? ubi erat tua pristina virtus,

386 2031 1078 120 Tunc ubi erat populi cura paterna tui?

315 2100 1053 135 Cur tuus in campis miscebat proelia miles?
