2000 2581
674 146 204 65 MOSI

321 133 1009 175 Fac moveant mentem pignora chara tuam.

255 256 984 130 Ipsa ego ( si nescis ) oro quę foedere iuncta

332 340 944 92 Sum tibi, quae tecum facta parente parens.

256 394 1063 113 Ah ignosce precor, nisi enim sic lapsa fuissem

331 475 964 97 Quę foret hic meriti gratia tanta tui?

262 523 993 118 En tibi deserti tendunt sua brachia nati,

325 606 959 111 En vocat absentem blaesula lingua patrem.

267 663 1147 123 Hos ego cum video lachrymis mea corda subortis

342 746 920 121 Vix animi luctus tristitiamque ferunt.

275 822 1051 107 Ah precor antiqui renoves connubia amoris,

323 891 963 99 Fer precor huc reduces in mea vota pedes.

289 972 1028 107 Hoc socer exoptat patria qui gente sacerdos

328 1031 826 108 Exercet gentis mystica sacra suae.

308 1107 1074 119 Hoc si nemo petat iubet id tamen usque colenda

335 1171 1040 114 Quam mihi promisit dextera sancta fides.

296 1251 1116 121 Quod si ego peccavi, fateor, tu ignosce fatenti,

340 1319 1025 138 Non magis, hei miseram, poenituisse queo.

290 1375 1107 145 Quique dies dederit consuetos cernere vultus,

341 1474 969 107 Hic mihi ceu festus rite colendus erit.

295 1553 943 110 Sive igitur cępto cupias persistere cursu,

345 1619 932 128 Seu cesses, possim fac comes esse tibi.

549 1723 849 144 MOSES SEPHORAE.

253 1797 1046 166 Quę mihi misisti lento moestissima coniux

355 1919 942 124 Tradita sunt fida scripta notata manu.

303 1995 935 112 Haec ego cum legi ( iuranti crede marito )

355 2067 875 133 Pallentes lachrymis commaduere genae.
