2000 2581
553 96 940 132 Si forte optatum possint contingere littus

619 185 848 106 Et sanctum terris exposuisse virum.

561 244 974 120 Conantur frustra, Domini nam fata morantur,

627 321 882 111 Hic etenim maius iam meditatur opus.

563 386 936 121 Abripit inversam fluctus vertitque carinam

624 452 871 87 Et laceris velis abripit unda ratem.

578 520 1172 133 Cum pia iam nautis lachrymantibus ora rigantur

646 589 982 124 ( Sic rigidos quaevis fata suprema movent )

546 660 1038 127 Accedens tandem mergendum rector Ionam,

623 724 942 151 Alloquitur tristem tristior ipse virum:

187 815 1471 183 〈 Nauclerus ad Ionam 〉 Nulla salus miseris, quoniam pia numina pugnant,

634 883 879 128 Contra quae nobis bella movere nefas.

593 955 1091 120 Crede, tua inviti et tristes mandata subimus

634 1032 842 132 Invitos cogit sors inimica tamen.

569 1099 1059 133 Nempe tuam tristes cupimus servasse salutem,

630 1181 1045 108 Sed quod nos cupimus ventus et unda negant.

540 1236 1082 130 Quę tamen ipse iubes faciemus pectore tristi,

618 1306 1133 137 Quandoquidem tristes sic iubet ipse DEUS.

567 1380 1101 122 Non aliis similes debes nos ducere nautis

635 1468 994 103 Nauticus a nobis terror et horror abest.

537 1539 969 114 Dixit et illius dictis consentit Ionas

601 1612 939 118 Et praebet proprias in sua fata manus.

562 1659 1213 152 Ne tamen his Dominus ( nautis reverentia tanta est )

627 1764 842 110 Iratus poenas pro impietate petat.

578 1828 940 125 Sacrificant laudes Domino tristesque precantur

613 1907 921 112 Ne miseris scelus hoc imposuisse velit

568 1985 1081 114 Nam movet exanimes miri fortuna laboris,

608 2055 1124 133 Hinc gelidus tentat frigida membra timor.
