2000 2581
263 136 1140 114 Coniugis instituis? num te non ulla movebant

268 214 1025 110 Offitia, infoelix, misero quae praestiti demens?

263 279 1222 114 Qui famulus propriis opibus nummisque redemptus

270 346 1118 99 Nostris, nunc talem nobis ingrate rependis

264 404 1157 115 Gratiam, ut in thalamos violentus rumpere nostras

268 467 1383 119 Instituas, non talis eras cum, pessime, pauper

263 531 1030 100 Huc ad nos patriis veniebas ductus ab oris.

265 587 921 103 Ast ubi nunc placido vultu fortuna refulsit

263 652 892 97 Erigere excelsos animos et tollere cristas

117 712 1102 114 Impie Cępisti, non hoc contentus honore,

280 776 988 100 In thalamos nostros placuit tibi sumere iura.

268 847 1008 99 Ast ego ni poenae cupidum maiora moverent,

265 907 1014 103 Arriperem manibus propriis, pro crimine poenas

267 969 1081 111 Exposcens meritas, sed non hęc tempora nobis,

258 1034 1131 107 Et modo condignas poenas in tempore sumes.

259 1103 1244 106 Abripite hinc scelus ingratum manibusque revinctum

271 1155 1085 114 Stringite, et infamem speluncis abdite coecis.

200 1229 1072 114 Accurrunt famuli tristeis et iussa capessunt,

259 1294 1101 103 Atque manus līgant teneras nil tale merentes

267 1355 920 100 Inviti, domini sed iussa et fata ferebant.

252 1411 1047 121 Ah quoties patriae memor almę tristis Ioseph

261 1483 879 106 Plorat et e moesto ducit suspiria corde.

252 1555 1060 110 Ah quoties agros patrios charumque parentem

264 1623 944 113 Infoelix recolit, fratres qui causa malorum

265 1680 1058 111 Cunctorum fuerant, non talem corde dolorem

257 1748 1002 120 Hauserat hic ex quo patriis deductus ab oris

260 1817 923 107 Venit ad Aegypti pluviarum nescia regna.

214 1878 1059 116 Mox famuli abducunt miserum verbisque dolentem

262 1943 992 106 Solantur placidis et tristia pectora mulcent.

251 2009 1007 113 Principis hinc aedes adeunt ubi regius illis

239 2076 1011 102 Extructus carcer tristis custodia sontum

256 2139 1213 115 Huc ubi deveniunt, solvunt, traduntque magistro

253 2191 1277 125 Carceris, hic sumptum tenebras conclusit in atras.

610 2265 347 112 Finis lib. 2.
