2000 2581
735 115 287 72 IACOBO

306 129 1077 125 Ecce duo fratres ( ne essent sine litibus ulla

367 211 1033 99 Tempora ) iam pugnas sub genetrice movent.

295 277 937 112 Et meus insolito collisus pondere venter

350 348 732 108 Militia cępit succubuisse gravi.

310 403 925 125 Solatur rursum supremi rector Olympi,

353 483 907 102 Et mihi per somnum talia verba refert.

303 546 1097 104 Nachoris haud timeas non hęc sine numine fiunt,

355 627 1023 86 Maxima non vanum hęc omina pondus habent.

305 683 1046 88 En, modo maturo venient de ventre gemelli

344 742 963 106 Et populi venient ( lęta sis ) inde duo.

311 811 1119 119 Frustraque non illis pugna est, lis maxima semper

352 876 957 117 His erit, haud unquam quam solüisse queat.

314 959 1037 93 Sed minor ( hoc mirum ) maioris praelia vincet,

351 1019 911 104 Qui promissa olim semina lęta dabit.

299 1082 1124 110 Hinc tibi ( ne dubita ) veniet stirps maxima cuius

335 1158 989 109 Dextera serpentis conteret alta caput.

292 1215 990 122 Dixit et in tenebras cum somno cessit imago

362 1287 718 108 Solliciti iacui plena timoris ego.

316 1341 1020 126 Tempus adest partus, foelix quo stirpe gemella

346 1425 878 107 Mater eram duplici conspicienda bono.

311 1488 916 115 Utque meo fueras tu foelix semper amore,

361 1571 887 95 Sic patris e contra frater amore fuit.

303 1635 969 113 Namque illi placuit nimium fortasse virile

365 1707 937 105 Pectus et in duro prompta labore manus.

298 1769 1051 110 Me tua detinuit placido cum corpore forma

329 1833 922 118 Et vultus quales mater amare solet.

317 1899 1031 146 Te domus oblectat foelix, sed frater in agro

347 1980 843 104 Instituit vitae tempora dura suae.

295 2043 963 120 Iamque puer saevi querit discrimina belli,

342 2118 878 114 Incipit et forti posse placere manu.
