2000 2581
267 107 920 119 Utque nemus celsum petiit, vestigia nulla

266 182 963 118 Invenit infoelix, nec cędis conscia signa.

276 250 1033 107 Mox linquit montes obliquo tramite coecus,

271 308 1095 122 Errans per sylvas rediit camposque virentes.

267 379 1312 121 Hinc fratres querit, quos ut procul aspicit ille

272 448 1132 116 Accurrit trepidus, postquam convivia vidit

272 506 1094 121 Regia, et ardenti spumantia pocula vino,

263 576 1028 114 Exiliit clamans alte, tum talia fatur.

217 636 1231 128 Proh scelus, o fratres, quę vos mala vexat Erynnis?

277 714 1106 113 Quisve deus tanta retinet caligine pectus?

268 775 1168 120 Ecce relictus enim terrę inter viscera frater

283 850 1112 115 Non movet atroces, non eius tristia fata

282 912 1061 133 Exterrent animos? Residet quae tanta cupido

282 972 1170 142 Pectore, quę corpus vobis mentemque relaxat?

290 1048 1004 108 Nunc etenim fratri cupiens reparare salutem

286 1112 1111 134 Ad puteum venio trepidus ( mea pectora namque

299 1178 869 117 Commovet afflicti casus durique labores )

301 1235 1156 143 Quis tamen abstulerit fratrem, quo denique casu

287 1309 1171 128 Perditus ignoro, tamen haud in carcere fontis

286 1374 1001 109 Delitet infoelix, nec toto monte vocatus

302 1444 979 118 Ulla dedit cupido servatae signa salutis.

299 1505 1114 132 Sed precor, o fratres, si vos tenet ulla Cupido

280 1583 1145 110 Fortunę patriae, pueri mihi pandite casus,

294 1651 1319 107 Quove pedem tulerit, nigrisve an occubet umbris?

305 1713 1022 123 Talia quęrenti saevus respondet Iudas.

270 1785 1040 121 O Ruben frater, non nobis pectore tanta

288 1862 1206 122 Est rabies, iuvenis cupiat quę perdere vitam.

299 1927 1209 111 Ante etenim cędis cupidos tua iussa movebant

302 1995 1234 119 Cisternam ut vacuam terrę fontemque profundum

300 2059 1211 115 Intraret iuvenis, tua nam sic iussa tulerunt,

301 2132 1166 123 Quę movere animos ,et caedis pulsa Cupido est.
