<?xml version="1.0" encoding="UTF-8"?>
<alto xmlns:xsi="http://www.w3.org/2001/XMLSchema-instance"
      xmlns="http://www.loc.gov/standards/alto/ns-v4#"
      xmlns:page="http://schema.primaresearch.org/PAGE/gts/pagecontent/2013-07-15"
      xsi:schemaLocation="http://www.loc.gov/standards/alto/ns-v4# https://www.loc.gov/standards/alto/v4/alto.xsd">
   <Description>
      <MeasurementUnit>pixel</MeasurementUnit>
      <OCRProcessing ID="IdOcr">
         <ocrProcessingStep>
            <processingDateTime>2021-05-22T12:10:59.225+02:00</processingDateTime>
            <processingSoftware>
               <softwareCreator>READ COOP</softwareCreator>
               <softwareName>Transkribus</softwareName>
            </processingSoftware>
         </ocrProcessingStep>
      </OCRProcessing>
   </Description>
   <Layout>
      <Page ID="Page1" PHYSICAL_IMG_NR="1" HEIGHT="2581" WIDTH="2000">
         <TopMargin HEIGHT="0" WIDTH="2000" VPOS="0" HPOS="0"/>
         <LeftMargin HEIGHT="2581" WIDTH="0" VPOS="0" HPOS="0"/>
         <RightMargin HEIGHT="2581" WIDTH="0" VPOS="0" HPOS="2000"/>
         <BottomMargin HEIGHT="0" WIDTH="2000" VPOS="2581" HPOS="0"/>
         <PrintSpace HEIGHT="2581" WIDTH="2000" VPOS="0" HPOS="0">
            <TextBlock ID="r1" HEIGHT="2023" WIDTH="1464" VPOS="152" HPOS="420">
               <Shape>
                  <Polygon POINTS="420,152 420,2175 1884,2175 1884,152"/>
               </Shape>
               <TextLine ID="r1l1"
                         BASELINE="833,178 859,179 885,179 911,179 937,180 963,180 989,180 1015,179 1042,179 1068,179 1094,179 1120,178 1146,178 1172,178 1198,178 1225,178"
                         HEIGHT="83"
                         WIDTH="411"
                         VPOS="127"
                         HPOS="824">
                  <String ID="string_r1l1"
                          HEIGHT="83"
                          WIDTH="411"
                          VPOS="127"
                          HPOS="824"
                          CONTENT="BETHSABA"/>
               </TextLine>
               <TextLine ID="line_1615544279109_5938"
                         BASELINE="431,263 479,262 528,261 576,260 625,260 673,260 722,261 770,261 819,262 867,263 916,264 965,265 1013,266 1062,267 1110,268 1159,268 1207,269 1256,269 1304,269 1353,268 1402,267 1128,230 1154,231 1181,232 1208,233 1235,234 1262,235"
                         HEIGHT="129"
                         WIDTH="989"
                         VPOS="185"
                         HPOS="422">
                  <String ID="string_line_1615544279109_5938"
                          HEIGHT="129"
                          WIDTH="989"
                          VPOS="185"
                          HPOS="422"
                          CONTENT="Nempe ut eram nuper tristi confecta dolore"/>
               </TextLine>
               <TextLine ID="r1l4"
                         BASELINE="519,329 563,330 607,331 651,331 695,332 739,333 783,333 827,334 871,335 915,335 959,335 1003,336 1047,336 1091,335 1135,335 1179,335 1223,334 1267,334 1311,333 1355,332 1399,330"
                         HEIGHT="114"
                         WIDTH="899"
                         VPOS="275"
                         HPOS="510">
                  <String ID="string_r1l4"
                          HEIGHT="114"
                          WIDTH="899"
                          VPOS="275"
                          HPOS="510"
                          CONTENT="Obrepit lachrymis lumina fessa sopor."/>
               </TextLine>
               <TextLine ID="r1l5"
                         BASELINE="464,401 509,401 554,400 599,400 644,400 689,400 734,401 780,401 825,401 870,402 915,402 960,403 1005,404 1050,404 1096,405 1141,405 1186,406 1231,406 1276,407 1321,407 1367,408"
                         HEIGHT="107"
                         WIDTH="921"
                         VPOS="347"
                         HPOS="455">
                  <String ID="string_r1l5"
                          HEIGHT="107"
                          WIDTH="921"
                          VPOS="347"
                          HPOS="455"
                          CONTENT="Utque dedi molli pulvino colla ferenda"/>
               </TextLine>
               <TextLine ID="r1l6"
                         BASELINE="509,477 556,475 603,474 651,473 698,472 746,471 793,471 840,471 888,472 935,472 983,473 1030,474 1077,475 1125,476 1172,477 1220,478 1267,479 1314,480 1362,480 1409,481 1457,481"
                         HEIGHT="108"
                         WIDTH="968"
                         VPOS="415"
                         HPOS="499">
                  <String ID="string_r1l6"
                          HEIGHT="108"
                          WIDTH="968"
                          VPOS="415"
                          HPOS="499"
                          CONTENT="Hęc mihi languenti noctis imago venit."/>
               </TextLine>
               <TextLine ID="r1l7"
                         BASELINE="450,547 504,547 558,546 612,545 666,545 720,545 774,545 828,546 882,546 936,547 990,548 1044,548 1098,549 1152,550 1206,551 1260,552 1314,552 1368,553 1422,553 1476,554 1531,554"
                         HEIGHT="115"
                         WIDTH="1099"
                         VPOS="490"
                         HPOS="441">
                  <String ID="string_r1l7"
                          HEIGHT="115"
                          WIDTH="1099"
                          VPOS="490"
                          HPOS="441"
                          CONTENT="Hortus erat vernus florenti gramine densus"/>
               </TextLine>
               <TextLine ID="r1l8"
                         BASELINE="516,623 563,623 610,622 657,622 704,622 751,622 798,621 845,621 892,621 939,621 987,621 1034,621 1081,621 1128,621 1175,622 1222,622 1269,623 1316,624 1363,625 1410,626 1458,627"
                         HEIGHT="117"
                         WIDTH="960"
                         VPOS="556"
                         HPOS="507">
                  <String ID="string_r1l8"
                          HEIGHT="117"
                          WIDTH="960"
                          VPOS="556"
                          HPOS="507"
                          CONTENT="Rivus erat medio dulce sonantis aquae."/>
               </TextLine>
               <TextLine ID="r1l9"
                         BASELINE="457,701 513,700 569,698 625,697 681,696 737,695 793,694 849,694 905,694 961,694 1018,694 1074,695 1130,695 1186,696 1242,697 1298,698 1354,700 1410,701 1466,702 1522,704 1579,706"
                         HEIGHT="116"
                         WIDTH="1140"
                         VPOS="635"
                         HPOS="448">
                  <String ID="string_r1l9"
                          HEIGHT="116"
                          WIDTH="1140"
                          VPOS="635"
                          HPOS="448"
                          CONTENT="Non deerant violae, non lilia pulchra nec ipso"/>
               </TextLine>
               <TextLine ID="r1l10"
                         BASELINE="519,776 565,774 611,773 657,771 703,770 750,768 796,767 842,766 888,765 934,764 981,764 1027,764 1073,764 1119,764 1165,764 1212,765 1258,766 1304,767 1350,768 1396,770 1443,773"
                         HEIGHT="105"
                         WIDTH="942"
                         VPOS="707"
                         HPOS="510">
                  <String ID="string_r1l10"
                          HEIGHT="105"
                          WIDTH="942"
                          VPOS="707"
                          HPOS="510"
                          CONTENT="Matris Acidaliae sanguine tincta rosa"/>
               </TextLine>
               <TextLine ID="r1l11"
                         BASELINE="456,847 512,847 569,846 626,845 682,844 739,843 796,842 852,841 909,840 966,840 1023,839 1079,839 1136,838 1193,838 1249,839 1306,839 1363,840 1419,841 1476,843 1533,845 1590,847"
                         HEIGHT="117"
                         WIDTH="1154"
                         VPOS="777"
                         HPOS="446">
                  <String ID="string_r1l11"
                          HEIGHT="117"
                          WIDTH="1154"
                          VPOS="777"
                          HPOS="446"
                          CONTENT="Rosmaris et laurus, myrthus quoque nigra colore"/>
               </TextLine>
               <TextLine ID="r1l12"
                         BASELINE="520,918 571,918 622,918 674,918 725,917 777,917 828,916 879,915 931,915 982,914 1034,913 1085,913 1136,913 1188,913 1239,913 1291,913 1342,914 1393,915 1445,917 1496,919 1548,922"
                         HEIGHT="117"
                         WIDTH="1046"
                         VPOS="852"
                         HPOS="511">
                  <String ID="string_r1l12"
                          HEIGHT="117"
                          WIDTH="1046"
                          VPOS="852"
                          HPOS="511"
                          CONTENT="Et pulcher placido flore hyacinthus olet."/>
               </TextLine>
               <TextLine ID="r1l13"
                         BASELINE="455,991 512,991 570,990 628,990 686,989 744,988 801,988 859,987 917,986 975,985 1033,985 1090,984 1148,984 1206,984 1264,984 1322,984 1379,985 1437,986 1495,987 1553,989 1611,992"
                         HEIGHT="130"
                         WIDTH="1174"
                         VPOS="910"
                         HPOS="446">
                  <String ID="string_r1l13"
                          HEIGHT="130"
                          WIDTH="1174"
                          VPOS="910"
                          HPOS="446"
                          CONTENT="Summa tenet gelidus claro fons pulchrior auro,"/>
               </TextLine>
               <TextLine ID="r1l14"
                         BASELINE="525,1065 567,1063 609,1063 651,1062 694,1061 736,1060 778,1059 821,1058 863,1058 905,1057 948,1057 990,1057 1032,1056 1074,1056 1117,1056 1159,1056 1201,1056 1244,1056 1286,1056 1328,1056 1371,1056"
                         HEIGHT="99"
                         WIDTH="865"
                         VPOS="1000"
                         HPOS="516">
                  <String ID="string_r1l14"
                          HEIGHT="99"
                          WIDTH="865"
                          VPOS="1000"
                          HPOS="516"
                          CONTENT="Credebam tali numen inesse loco."/>
               </TextLine>
               <TextLine ID="r1l15"
                         BASELINE="449,1144 498,1141 548,1137 598,1134 648,1133 698,1132 748,1131 798,1131 848,1131 898,1131 948,1132 997,1133 1047,1134 1097,1135 1147,1136 1197,1137 1247,1138 1297,1139 1347,1139 1397,1139 1447,1139"
                         HEIGHT="124"
                         WIDTH="1018"
                         VPOS="1064"
                         HPOS="439">
                  <String ID="string_r1l15"
                          HEIGHT="124"
                          WIDTH="1018"
                          VPOS="1064"
                          HPOS="439"
                          CONTENT="Hic ego cum spatior tristis solatia luctus"/>
               </TextLine>
               <TextLine ID="r1l16"
                         BASELINE="463,1224 515,1219 568,1215 620,1212 673,1209 725,1207 778,1206 830,1205 883,1205 935,1205 988,1205 1040,1206 1093,1207 1145,1208 1198,1210 1250,1211 1303,1213 1355,1215 1408,1216 1460,1217 1513,1218"
                         HEIGHT="124"
                         WIDTH="1069"
                         VPOS="1145"
                         HPOS="454">
                  <String ID="string_r1l16"
                          HEIGHT="124"
                          WIDTH="1069"
                          VPOS="1145"
                          HPOS="454"
                          CONTENT="Inquirens pulchras ungue refringo rosas."/>
               </TextLine>
               <TextLine ID="r1l17"
                         BASELINE="479,1299 526,1296 573,1292 620,1289 667,1286 714,1285 761,1284 808,1283 855,1282 902,1282 949,1283 996,1283 1043,1284 1090,1285 1137,1286 1184,1287 1231,1289 1278,1290 1325,1291 1372,1292 1419,1293"
                         HEIGHT="119"
                         WIDTH="958"
                         VPOS="1226"
                         HPOS="471">
                  <String ID="string_r1l17"
                          HEIGHT="119"
                          WIDTH="958"
                          VPOS="1226"
                          HPOS="471"
                          CONTENT="Ut vero curis studiisque intenta legendi"/>
               </TextLine>
               <TextLine ID="r1l18"
                         BASELINE="525,1366 574,1365 624,1364 674,1363 723,1363 773,1362 823,1361 872,1361 922,1361 972,1360 1022,1360 1071,1360 1121,1360 1171,1360 1220,1361 1270,1361 1320,1361 1369,1362 1419,1362 1469,1363 1519,1364"
                         HEIGHT="128"
                         WIDTH="1012"
                         VPOS="1292"
                         HPOS="516">
                  <String ID="string_r1l18"
                          HEIGHT="128"
                          WIDTH="1012"
                          VPOS="1292"
                          HPOS="516"
                          CONTENT="Progredior, videor te prope adesse mihi."/>
               </TextLine>
               <TextLine ID="r1l19"
                         BASELINE="450,1444 521,1441 593,1438 665,1436 736,1434 808,1433 880,1432 951,1432 1023,1432 1095,1432 1167,1433 1238,1434 1310,1435 1382,1437 1453,1439 1525,1441 1597,1443 1668,1446 1740,1449 1812,1452 1884,1454"
                         HEIGHT="128"
                         WIDTH="1454"
                         VPOS="1376"
                         HPOS="440">
                  <String ID="string_r1l19"
                          HEIGHT="128"
                          WIDTH="1454"
                          VPOS="1376"
                          HPOS="440"
                          CONTENT="Lęva tenet citharam, resonans tua dextera plectrum"/>
               </TextLine>
               <TextLine ID="r1l20"
                         BASELINE="539,1519 586,1516 634,1512 681,1510 729,1509 777,1507 824,1507 872,1507 920,1507 967,1508 1015,1508 1063,1509 1110,1510 1158,1511 1206,1512 1253,1513 1301,1513 1349,1514 1396,1514 1444,1513 1492,1512"
                         HEIGHT="112"
                         WIDTH="970"
                         VPOS="1447"
                         HPOS="531">
                  <String ID="string_r1l20"
                          HEIGHT="112"
                          WIDTH="970"
                          VPOS="1447"
                          HPOS="531"
                          CONTENT="Purpureus fuerat veste nitente color."/>
               </TextLine>
               <TextLine ID="r1l21"
                         BASELINE="479,1596 540,1594 601,1593 662,1592 723,1591 784,1590 845,1589 906,1589 967,1589 1028,1589 1090,1590 1151,1590 1212,1591 1273,1591 1334,1592 1395,1593 1456,1595 1517,1596 1578,1597 1639,1599 1701,1601"
                         HEIGHT="140"
                         WIDTH="1239"
                         VPOS="1513"
                         HPOS="470">
                  <String ID="string_r1l21"
                          HEIGHT="140"
                          WIDTH="1239"
                          VPOS="1513"
                          HPOS="470"
                          CONTENT="Ut video, indoleo, trepidis vox faucibus hęret"/>
               </TextLine>
               <TextLine ID="r1l22"
                         BASELINE="510,1670 563,1668 617,1667 670,1666 724,1665 778,1665 831,1665 885,1666 938,1666 992,1667 1046,1668 1099,1670 1153,1671 1206,1672 1260,1674 1314,1676 1367,1677 1421,1679 1474,1681 1528,1683 1582,1685"
                         HEIGHT="124"
                         WIDTH="1091"
                         VPOS="1610"
                         HPOS="501">
                  <String ID="string_r1l22"
                          HEIGHT="124"
                          WIDTH="1091"
                          VPOS="1610"
                          HPOS="501"
                          CONTENT="Et retinent stupidos frigora lenta pedes."/>
               </TextLine>
               <TextLine ID="r1l23"
                         BASELINE="464,1758 521,1755 579,1752 636,1749 694,1748 751,1747 809,1746 866,1746 924,1747 981,1747 1039,1749 1096,1750 1154,1752 1211,1754 1269,1756 1326,1758 1384,1760 1441,1763 1499,1765 1556,1768 1614,1770"
                         HEIGHT="147"
                         WIDTH="1168"
                         VPOS="1673"
                         HPOS="456">
                  <String ID="string_r1l23"
                          HEIGHT="147"
                          WIDTH="1168"
                          VPOS="1673"
                          HPOS="456"
                          CONTENT="Acceleras ad nos dextram tua dextera prendit,"/>
               </TextLine>
               <TextLine ID="r1l24"
                         BASELINE="524,1838 568,1835 612,1833 656,1832 700,1830 744,1829 788,1829 833,1828 877,1828 921,1828 965,1828 1009,1828 1053,1828 1097,1829 1142,1830 1186,1830 1230,1831 1274,1832 1318,1833 1362,1834 1407,1835"
                         HEIGHT="126"
                         WIDTH="901"
                         VPOS="1761"
                         HPOS="515">
                  <String ID="string_r1l24"
                          HEIGHT="126"
                          WIDTH="901"
                          VPOS="1761"
                          HPOS="515"
                          CONTENT="Atque aedis tales ore tremente sonos."/>
               </TextLine>
               <TextLine ID="r1l25"
                         BASELINE="420,1916 482,1913 544,1910 606,1908 668,1907 730,1906 792,1905 854,1905 916,1906 978,1907 1040,1908 1102,1909 1164,1910 1226,1911 1288,1913 1350,1914 1412,1916 1474,1917 1536,1919 1598,1919 1661,1920"
                         HEIGHT="145"
                         WIDTH="1258"
                         VPOS="1828"
                         HPOS="412">
                  <String ID="string_r1l25"
                          HEIGHT="145"
                          WIDTH="1258"
                          VPOS="1828"
                          HPOS="412"
                          CONTENT="Quid facis hei tristis nimium? quid pectora luctu"/>
               </TextLine>
               <TextLine ID="r1l26"
                         BASELINE="525,1990 574,1986 623,1984 673,1982 722,1981 772,1980 821,1980 871,1980 920,1981 970,1982 1019,1983 1068,1985 1118,1986 1167,1988 1217,1989 1266,1991 1316,1992 1365,1993 1415,1993 1464,1994 1514,1994"
                         HEIGHT="129"
                         WIDTH="1009"
                         VPOS="1916"
                         HPOS="515">
                  <String ID="string_r1l26"
                          HEIGHT="129"
                          WIDTH="1009"
                          VPOS="1916"
                          HPOS="515"
                          CONTENT="Conficis? incultus cur nitet ore pudor?"/>
               </TextLine>
               <TextLine ID="r1l27"
                         BASELINE="457,2078 508,2072 559,2068 611,2064 662,2062 714,2060 765,2059 816,2059 868,2059 919,2059 971,2060 1022,2061 1073,2063 1125,2064 1176,2066 1228,2068 1279,2070 1330,2072 1382,2073 1433,2075 1485,2076"
                         HEIGHT="139"
                         WIDTH="1046"
                         VPOS="1982"
                         HPOS="447">
                  <String ID="string_r1l27"
                          HEIGHT="139"
                          WIDTH="1046"
                          VPOS="1982"
                          HPOS="447"
                          CONTENT="An quia vir cecidit crudeli perditus ense,"/>
               </TextLine>
               <TextLine ID="r1l28"
                         BASELINE="521,2158 570,2154 619,2150 668,2147 717,2144 767,2142 816,2141 865,2141 914,2141 963,2141 1013,2141 1062,2143 1111,2144 1160,2145 1209,2147 1259,2149 1308,2151 1357,2152 1406,2155 1455,2156 1505,2158"
                         HEIGHT="140"
                         WIDTH="1003"
                         VPOS="2074"
                         HPOS="511">
                  <String ID="string_r1l28"
                          HEIGHT="140"
                          WIDTH="1003"
                          VPOS="2074"
                          HPOS="511"
                          CONTENT="Non capies animo gaudia grata tuo? "/>
               </TextLine>
            </TextBlock>
         </PrintSpace>
      </Page>
   </Layout>
</alto>
