2000 2581
495 139 1163 134 Impie num cultus audes sperare paternos.

430 219 1345 113 Continet ast genitor furibundus pectore fratres,

513 290 1215 128 Atque animo vigili quid talia somnia portent

514 356 1278 117 Consĭderat, divûm tacitus conamina volvens.

520 434 1375 123 Non tamen ira ferox et machīnantia cessant

523 492 1304 149 Pectora, sed rigidis manet alta mente reposta

210 571 1531 153 〈 depictae 〉 Gloria fraterna et vestis honores.

534 644 1222 118 Utque Cain dirus fratris bona gaudia cernens

526 715 1092 127 Aestuat, atque animo crudeles colligit iras

534 795 1135 112 Invidus, et saevę quęrit molimina cędis.

531 859 1241 141 Haud aliter fratrum consurgunt corda furorque

532 938 1247 115 Exagitat coecus, germano ut sanguine dextras

532 998 1164 126 Contaminent, mortique pius tradatur Ioseph.

522 1072 1162 131 Aptaque fraternae captant iam tempora cędi.

483 1139 1332 116 Postera lux veniens nocturnas discutit umbras,

532 1210 1303 130 Et Thetidem linquens montes et culmina lustrat

538 1286 1181 117 Irradians terras rutilanti sydere Phoebus,

528 1346 1269 130 E stabulisque greges rauci cum murmure cornu

546 1417 1190 145 Mittuntur, teneri balant sub matribus agni.

541 1491 1310 144 Moxque petunt Sichem hostilem camposque virentes

539 1563 1205 132 Bis quini patrio comitati cum grege fratres.

543 1637 1106 111 Ast ubi supremo Phoebus sub vertice coeli

543 1712 1304 129 Constitit et medio clarus sol splendet Olympo,

539 1780 1230 126 Rellictum ad natum tremulus sic fatur Iacob,

503 1850 1269 132 Chare precor venias columen mihi dulce senectae,

534 1923 1235 140 Et timidi promptus completo iussas parentis.

543 1997 1229 128 Cum pecoris nostri petierunt agmine Sychem

536 2068 1206 144 Fratres, et viridis pascunt in cespite campi,

547 2140 1173 146 Sed non ignoras, quanti illi saepe furore
