2000 2581
296 101 1034 128 Dixerat, haec volvit trepidanti mente propheta

371 171 813 119 Et dubio versat pectore iussa Dei.

313 251 1014 127 Impellit pietas, Domini quae spernere legem

395 331 1065 135 Impedit, hinc cruciat pectora moesta timor.

329 395 1144 137 Illa iubet, timor inde vetat studiumque salutis

390 475 1184 121 Quo magis hęc urget, hoc magis illa premit.

331 546 1490 146 Nec bene divino munitus numine vates 〈 Fuga Ionae 〉

390 611 932 137 Succumbens animo diva pericla fugit.

351 689 1150 152 Perque fugam ( stultae tanta est dementia mentis )

383 772 913 131 Se coeli dominum posse latere putat.

330 844 1010 140 Et petit insignis spumantia littora Ioppes,

397 928 765 132 Ut sęvo fugit sęva pericla mari.

210 995 1206 125 „ Ah, male mortales quanta haec dementia vexat

228 1064 1177 139 „ In summis sperant dum bona summa malis.

329 1144 1077 148 Hic homines metuit, non dira pericula ponti

361 1227 1020 129 Formidans, queis nil sęvius esse potest.

342 1307 1050 130 Conscendit naves et in aequore vectus aperto

390 1383 877 139 Ereptum diris se putat esse malis.

315 1446 1122 150 Falsaque iam timidum delectant gaudia pectus

386 1545 857 115 Et tales gaudet se reperisse dolos.

323 1605 985 130 Ah miser, et non his foeliciter artibus use,

391 1681 892 132 Nescis que dominus iam tibi fata paret.

313 1731 1457 208 Ecce procelloso consurgunt turbine venti, 〈 Tempestatis descriptio 〉

411 1835 934 128 Undique vaesanus fluctus et aura ruit.

325 1902 1123 160 Algificus Boreas trepidando flamine stridet

331 1996 1041 131 Et Notus oppositum concutit usque latus.

330 2070 1058 150 Iam salsi tumidae montes volvuntur aquai
