<?xml version="1.0" encoding="UTF-8"?>
<alto xmlns:xsi="http://www.w3.org/2001/XMLSchema-instance"
      xmlns="http://www.loc.gov/standards/alto/ns-v4#"
      xmlns:page="http://schema.primaresearch.org/PAGE/gts/pagecontent/2013-07-15"
      xsi:schemaLocation="http://www.loc.gov/standards/alto/ns-v4# https://www.loc.gov/standards/alto/v4/alto.xsd">
   <Description>
      <MeasurementUnit>pixel</MeasurementUnit>
      <OCRProcessing ID="IdOcr">
         <ocrProcessingStep>
            <processingDateTime>2021-05-22T12:10:36.354+02:00</processingDateTime>
            <processingSoftware>
               <softwareCreator>READ COOP</softwareCreator>
               <softwareName>Transkribus</softwareName>
            </processingSoftware>
         </ocrProcessingStep>
      </OCRProcessing>
   </Description>
   <Layout>
      <Page ID="Page1" PHYSICAL_IMG_NR="1" HEIGHT="2581" WIDTH="2000">
         <TopMargin HEIGHT="0" WIDTH="2000" VPOS="0" HPOS="0"/>
         <LeftMargin HEIGHT="2581" WIDTH="0" VPOS="0" HPOS="0"/>
         <RightMargin HEIGHT="2581" WIDTH="0" VPOS="0" HPOS="2000"/>
         <BottomMargin HEIGHT="0" WIDTH="2000" VPOS="2581" HPOS="0"/>
         <PrintSpace HEIGHT="2581" WIDTH="2000" VPOS="0" HPOS="0">
            <TextBlock ID="r1" HEIGHT="2073" WIDTH="1265" VPOS="154" HPOS="346">
               <Shape>
                  <Polygon POINTS="346,154 346,2227 1611,2227 1611,154"/>
               </Shape>
               <TextLine ID="r1l1"
                         BASELINE="877,189 902,188 927,187 953,187 978,186 1003,186 1029,185 1054,185 1079,185 1105,185 1130,186 1155,186 1181,187"
                         HEIGHT="91"
                         WIDTH="319"
                         VPOS="135"
                         HPOS="870">
                  <String ID="string_r1l1"
                          HEIGHT="91"
                          WIDTH="319"
                          VPOS="135"
                          HPOS="870"
                          CONTENT="MARIA"/>
               </TextLine>
               <TextLine ID="r1l2"
                         BASELINE="455,261 511,260 568,259 624,258 681,257 737,256 794,256 850,255 907,255 963,254 1020,254 1076,253 1133,253 1189,252 1246,252 1302,251 1359,251 1415,250 1472,250 1528,249 1585,248"
                         HEIGHT="117"
                         WIDTH="1144"
                         VPOS="180"
                         HPOS="448">
                  <String ID="string_r1l2"
                          HEIGHT="117"
                          WIDTH="1144"
                          VPOS="180"
                          HPOS="448"
                          CONTENT="Me sterilis retinet Raphidim cum gente paterna,"/>
               </TextLine>
               <TextLine ID="r1l3"
                         BASELINE="502,343 553,339 604,336 655,333 706,331 757,329 808,328 860,327 911,327 962,327 1013,327 1064,327 1115,327 1166,327 1218,327 1269,327 1320,326 1371,325 1422,324 1473,322 1525,320"
                         HEIGHT="96"
                         WIDTH="1038"
                         VPOS="271"
                         HPOS="494">
                  <String ID="string_r1l3"
                          HEIGHT="96"
                          WIDTH="1038"
                          VPOS="271"
                          HPOS="494"
                          CONTENT="Quo te nunc primum chara venire velim."/>
               </TextLine>
               <TextLine ID="r1l4"
                         BASELINE="432,423 476,418 520,413 564,410 609,406 653,403 697,402 742,400 786,399 830,399 875,398 919,399 963,399 1007,399 1052,400 1096,401 1140,402 1185,402 1229,403 1273,403 1318,404"
                         HEIGHT="129"
                         WIDTH="903"
                         VPOS="324"
                         HPOS="423">
                  <String ID="string_r1l4"
                          HEIGHT="129"
                          WIDTH="903"
                          VPOS="324"
                          HPOS="423"
                          CONTENT="Auxilio soceri poteris mea castra videre,"/>
               </TextLine>
               <TextLine ID="r1l5"
                         BASELINE="503,480 554,478 606,476 658,474 710,473 762,472 814,471 865,470 917,469 969,469 1021,469 1073,469 1125,469 1177,470 1228,471 1280,472 1332,474 1384,476 1436,478 1488,481 1540,484"
                         HEIGHT="115"
                         WIDTH="1051"
                         VPOS="403"
                         HPOS="496">
                  <String ID="string_r1l5"
                          HEIGHT="115"
                          WIDTH="1051"
                          VPOS="403"
                          HPOS="496"
                          CONTENT="Si modo inest animo non simulatus amor."/>
               </TextLine>
               <TextLine ID="r1l6"
                         BASELINE="437,554 490,552 544,551 597,549 651,548 704,546 758,544 811,542 865,541 918,540 972,539 1026,539 1079,538 1133,539 1186,539 1240,541 1293,543 1347,545 1400,549 1454,553 1508,558"
                         HEIGHT="124"
                         WIDTH="1085"
                         VPOS="475"
                         HPOS="430">
                  <String ID="string_r1l6"
                          HEIGHT="124"
                          WIDTH="1085"
                          VPOS="475"
                          HPOS="430"
                          CONTENT="Fac venias velox si me, si pignora curas,"/>
               </TextLine>
               <TextLine ID="r1l7"
                         BASELINE="496,628 544,625 593,622 641,620 690,618 739,617 787,616 836,615 885,614 933,614 982,613 1031,613 1079,613 1128,614 1177,614 1225,614 1274,615 1323,615 1371,616 1420,616 1469,616"
                         HEIGHT="107"
                         WIDTH="989"
                         VPOS="559"
                         HPOS="488">
                  <String ID="string_r1l7"
                          HEIGHT="107"
                          WIDTH="989"
                          VPOS="559"
                          HPOS="488"
                          CONTENT="Quę tribuit nobis dextra benigna Dei."/>
               </TextLine>
               <TextLine ID="r1l8"
                         BASELINE="458,704 515,700 573,696 630,693 688,690 746,688 803,685 861,684 919,682 976,682 1034,681 1092,681 1149,681 1207,682 1265,683 1322,684 1380,686 1438,689 1495,691 1553,694 1611,698"
                         HEIGHT="120"
                         WIDTH="1167"
                         VPOS="627"
                         HPOS="451">
                  <String ID="string_r1l8"
                          HEIGHT="120"
                          WIDTH="1167"
                          VPOS="627"
                          HPOS="451"
                          CONTENT="Tunc referam fuerit quos ferre necesse labores,"/>
               </TextLine>
               <TextLine ID="r1l9"
                         BASELINE="487,779 540,774 594,769 648,765 702,763 756,760 810,759 864,758 918,757 972,757 1026,757 1079,757 1133,758 1187,759 1241,760 1295,761 1349,763 1403,764 1457,766 1511,767 1565,768"
                         HEIGHT="123"
                         WIDTH="1092"
                         VPOS="692"
                         HPOS="480">
                  <String ID="string_r1l9"
                          HEIGHT="123"
                          WIDTH="1092"
                          VPOS="692"
                          HPOS="480"
                          CONTENT="Quę nunc cuncta tibi scribere longa mora est."/>
               </TextLine>
               <TextLine ID="r1l10"
                         BASELINE="471,843 526,840 581,836 636,834 691,831 746,830 801,828 856,827 911,826 966,826 1022,826 1077,826 1132,827 1187,828 1242,830 1297,831 1352,833 1407,836 1462,839 1517,842 1573,845"
                         HEIGHT="112"
                         WIDTH="1116"
                         VPOS="771"
                         HPOS="464">
                  <String ID="string_r1l10"
                          HEIGHT="112"
                          WIDTH="1116"
                          VPOS="771"
                          HPOS="464"
                          CONTENT="Tunc disces rubeo comixtum sanguine Nilum"/>
               </TextLine>
               <TextLine ID="r1l11"
                         BASELINE="500,911 553,907 606,905 660,902 713,900 767,899 820,898 874,897 927,897 981,897 1034,897 1087,898 1141,899 1194,900 1248,902 1301,903 1355,905 1408,908 1462,910 1515,913 1569,916"
                         HEIGHT="128"
                         WIDTH="1083"
                         VPOS="841"
                         HPOS="493">
                  <String ID="string_r1l11"
                          HEIGHT="128"
                          WIDTH="1083"
                          VPOS="841"
                          HPOS="493"
                          CONTENT="Et pecudum pestes, fulgura, fulmen, aquas."/>
               </TextLine>
               <TextLine ID="r1l12"
                         BASELINE="451,991 508,986 565,982 622,978 679,975 736,972 793,970 850,969 907,968 964,967 1022,967 1079,967 1136,968 1193,970 1250,972 1307,974 1364,977 1421,980 1478,983 1535,986 1593,991"
                         HEIGHT="89"
                         WIDTH="1156"
                         VPOS="923"
                         HPOS="444">
                  <String ID="string_r1l12"
                          HEIGHT="89"
                          WIDTH="1156"
                          VPOS="923"
                          HPOS="444"
                          CONTENT="Serpentesque truces et amantes humida ranas,"/>
               </TextLine>
               <TextLine ID="r1l13"
                         BASELINE="564,1029 608,1023 652,1019 697,1015 741,1012 785,1009 830,1007 874,1005 918,1004 963,1004 1007,1004 1051,1004 1096,1004 1140,1005 1184,1006 1229,1008 1273,1009 1317,1011 1362,1012 1406,1014 1451,1016"
                         HEIGHT="74"
                         WIDTH="902"
                         VPOS="962"
                         HPOS="557">
                  <String ID="string_r1l13"
                          HEIGHT="74"
                          WIDTH="902"
                          VPOS="962"
                          HPOS="557"
                          CONTENT="Atque ut locustis terra repleta fuit."/>
               </TextLine>
               <TextLine ID="r1l16"
                         BASELINE="447,1129 496,1127 546,1124 595,1122 645,1120 694,1118 744,1117 793,1116 843,1114 892,1114 942,1113 991,1113 1041,1113 1090,1113 1140,1114 1189,1115 1239,1117 1288,1119 1338,1121 1387,1124 1437,1127"
                         HEIGHT="116"
                         WIDTH="1004"
                         VPOS="1059"
                         HPOS="440">
                  <String ID="string_r1l16"
                          HEIGHT="116"
                          WIDTH="1004"
                          VPOS="1059"
                          HPOS="440"
                          CONTENT="Denique funesto submersum gurgite Regem"/>
               </TextLine>
               <TextLine ID="r1l17"
                         BASELINE="505,1202 553,1198 602,1195 650,1193 699,1190 748,1188 796,1187 845,1187 893,1187 942,1187 991,1187 1039,1188 1088,1189 1136,1190 1185,1192 1234,1193 1282,1195 1331,1197 1379,1199 1428,1201 1477,1204"
                         HEIGHT="96"
                         WIDTH="987"
                         VPOS="1137"
                         HPOS="498">
                  <String ID="string_r1l17"
                          HEIGHT="96"
                          WIDTH="987"
                          VPOS="1137"
                          HPOS="498"
                          CONTENT="Dum vehitur celeri post mea castra rota."/>
               </TextLine>
               <TextLine ID="r1l18"
                         BASELINE="346,1286 402,1279 459,1274 516,1269 573,1265 629,1262 686,1260 743,1259 800,1258 856,1257 913,1257 970,1258 1027,1259 1083,1260 1140,1261 1197,1263 1254,1265 1310,1266 1367,1268 1424,1270 1481,1271"
                         HEIGHT="123"
                         WIDTH="1150"
                         VPOS="1200"
                         HPOS="338">
                  <String ID="string_r1l18"
                          HEIGHT="123"
                          WIDTH="1150"
                          VPOS="1200"
                          HPOS="338"
                          CONTENT="Tunc vaga delapsum per coeli nubila panem"/>
               </TextLine>
               <TextLine ID="r1l19"
                         BASELINE="504,1348 556,1343 608,1338 661,1334 713,1331 766,1329 818,1328 870,1327 923,1327 975,1327 1028,1328 1080,1330 1132,1331 1185,1333 1237,1335 1290,1337 1342,1340 1394,1342 1447,1344 1499,1346 1552,1348"
                         HEIGHT="113"
                         WIDTH="1062"
                         VPOS="1275"
                         HPOS="497">
                  <String ID="string_r1l19"
                          HEIGHT="113"
                          WIDTH="1062"
                          VPOS="1275"
                          HPOS="497"
                          CONTENT="Quo pascit dominus Manna videre potes."/>
               </TextLine>
               <TextLine ID="r1l20"
                         BASELINE="471,1422 524,1417 577,1412 630,1409 683,1406 736,1403 789,1402 842,1401 895,1400 948,1400 1002,1401 1055,1402 1108,1404 1161,1406 1214,1408 1267,1411 1320,1414 1373,1417 1426,1420 1479,1424 1533,1428"
                         HEIGHT="117"
                         WIDTH="1078"
                         VPOS="1347"
                         HPOS="463">
                  <String ID="string_r1l20"
                          HEIGHT="117"
                          WIDTH="1078"
                          VPOS="1347"
                          HPOS="463"
                          CONTENT="Tunc ego consueto tecum bene iunctus amore"/>
               </TextLine>
               <TextLine ID="r1l21"
                         BASELINE="501,1492 549,1487 598,1483 647,1479 696,1476 745,1474 794,1473 843,1472 892,1472 941,1472 990,1473 1038,1474 1087,1475 1136,1477 1185,1479 1234,1482 1283,1484 1332,1486 1381,1489 1430,1491 1479,1494"
                         HEIGHT="137"
                         WIDTH="993"
                         VPOS="1407"
                         HPOS="493">
                  <String ID="string_r1l21"
                          HEIGHT="137"
                          WIDTH="993"
                          VPOS="1407"
                          HPOS="493"
                          CONTENT="Quę tulerim potero dicere quaeque feram."/>
               </TextLine>
               <TextLine ID="r1l22"
                         BASELINE="474,1559 526,1553 578,1549 630,1546 682,1544 734,1543 786,1542 838,1542 890,1543 942,1545 995,1546 1047,1548 1099,1551 1151,1554 1203,1557 1255,1559 1307,1562 1359,1565 1411,1567 1463,1569 1516,1570"
                         HEIGHT="114"
                         WIDTH="1057"
                         VPOS="1482"
                         HPOS="467">
                  <String ID="string_r1l22"
                          HEIGHT="114"
                          WIDTH="1057"
                          VPOS="1482"
                          HPOS="467"
                          CONTENT="Cum possum coram dilectos cernere natos, "/>
               </TextLine>
               <TextLine ID="r1l23"
                         BASELINE="500,1633 546,1629 593,1625 640,1622 687,1619 734,1618 781,1616 827,1616 874,1616 921,1616 968,1617 1015,1618 1062,1619 1109,1620 1155,1622 1202,1624 1249,1626 1296,1627 1343,1629 1390,1631 1437,1632"
                         HEIGHT="112"
                         WIDTH="951"
                         VPOS="1563"
                         HPOS="493">
                  <String ID="string_r1l23"
                          HEIGHT="112"
                          WIDTH="951"
                          VPOS="1563"
                          HPOS="493"
                          CONTENT="Hei precor ut properet lęta venire dies."/>
               </TextLine>
               <TextLine ID="r1l24"
                         BASELINE="457,1713 508,1709 560,1705 612,1702 663,1700 715,1697 767,1695 818,1694 870,1693 922,1692 974,1691 1025,1691 1077,1691 1129,1692 1180,1693 1232,1694 1284,1696 1335,1698 1387,1700 1439,1702 1491,1705"
                         HEIGHT="118"
                         WIDTH="1050"
                         VPOS="1624"
                         HPOS="449">
                  <String ID="string_r1l24"
                          HEIGHT="118"
                          WIDTH="1050"
                          VPOS="1624"
                          HPOS="449"
                          CONTENT="Tu tamen interea foelicia tempora vive,"/>
               </TextLine>
               <TextLine ID="line_1615476932397_3995"
                         BASELINE="493,1781 542,1778 591,1775 640,1772 689,1771 739,1769 788,1768 837,1768 886,1768 935,1768 985,1768 1034,1769 1083,1770 1132,1771 1181,1772 1231,1773 1280,1774 1329,1775 1378,1776 1427,1777 1477,1777 1237,1747 1266,1748 1296,1747 1326,1745 1356,1746"
                         HEIGHT="105"
                         WIDTH="1000"
                         VPOS="1702"
                         HPOS="485">
                  <String ID="string_line_1615476932397_3995"
                          HEIGHT="105"
                          WIDTH="1000"
                          VPOS="1702"
                          HPOS="485"
                          CONTENT="Et fac adventus sit mora nulla tui."/>
               </TextLine>
               <TextLine ID="r1l27"
                         BASELINE="451,1863 506,1858 562,1854 618,1851 674,1848 730,1846 785,1845 841,1844 897,1844 953,1845 1009,1846 1064,1847 1120,1848 1176,1850 1232,1852 1288,1854 1343,1856 1399,1858 1455,1860 1511,1862 1567,1863"
                         HEIGHT="139"
                         WIDTH="1132"
                         VPOS="1784"
                         HPOS="443">
                  <String ID="string_r1l27"
                          HEIGHT="139"
                          WIDTH="1132"
                          VPOS="1784"
                          HPOS="443"
                          CONTENT="Sic socer incolumis, sic sit tibi turba sororum"/>
               </TextLine>
               <TextLine ID="r1l28"
                         BASELINE="503,1939 553,1935 604,1931 654,1928 705,1926 756,1924 806,1923 857,1922 907,1922 958,1922 1009,1922 1059,1923 1110,1924 1160,1925 1211,1927 1262,1928 1312,1930 1363,1932 1413,1933 1464,1935 1515,1937"
                         HEIGHT="122"
                         WIDTH="1027"
                         VPOS="1865"
                         HPOS="496">
                  <String ID="string_r1l28"
                          HEIGHT="122"
                          WIDTH="1027"
                          VPOS="1865"
                          HPOS="496"
                          CONTENT="Salva, sit auxilio sic tibi diva manus."/>
               </TextLine>
               <TextLine ID="r1l29"
                         BASELINE="653,2036 684,2036 715,2037 746,2037 777,2037 808,2038 839,2038 870,2038 901,2039 932,2039 963,2039 994,2039 1025,2040 1056,2040 1087,2040 1118,2041 1149,2041 1180,2042 1211,2042 1242,2042 1273,2043"
                         HEIGHT="90"
                         WIDTH="634"
                         VPOS="1965"
                         HPOS="646">
                  <String ID="string_r1l29"
                          HEIGHT="90"
                          WIDTH="634"
                          VPOS="1965"
                          HPOS="646"
                          CONTENT="MARIA MOSI."/>
               </TextLine>
               <TextLine ID="r1l30"
                         BASELINE="495,2136 547,2133 600,2131 652,2129 705,2127 757,2126 810,2125 862,2124 915,2124 967,2124 1020,2124 1073,2124 1125,2124 1178,2125 1230,2126 1283,2126 1335,2127 1388,2128 1440,2129 1493,2129 1546,2130"
                         HEIGHT="117"
                         WIDTH="1065"
                         VPOS="2054"
                         HPOS="488">
                  <String ID="string_r1l30"
                          HEIGHT="117"
                          WIDTH="1065"
                          VPOS="2054"
                          HPOS="488"
                          CONTENT="Quam sibi ferre nequit fratri germana salutem"/>
               </TextLine>
               <TextLine ID="r1l31"
                         BASELINE="487,2212 534,2208 581,2205 628,2202 676,2200 723,2198 770,2196 818,2195 865,2194 912,2194 960,2193 1007,2193 1054,2193 1101,2193 1149,2193 1196,2194 1243,2194 1291,2194 1338,2195 1385,2195 1433,2196"
                         HEIGHT="112"
                         WIDTH="962"
                         VPOS="2139"
                         HPOS="479">
                  <String ID="string_r1l31"
                          HEIGHT="112"
                          WIDTH="962"
                          VPOS="2139"
                          HPOS="479"
                          CONTENT="Mittit, et aegrota verba notata manu. "/>
               </TextLine>
            </TextBlock>
         </PrintSpace>
      </Page>
   </Layout>
</alto>
