2000 2581
227 96 1036 132 Dum nimis immiti tristis moerore iacebam

345 159 956 113 Me Dominus memorem fecerat esse sui.

319 224 972 116 Cuius opem postquam trepidanti voce vocavi

363 283 917 140 In summa ascendit vox mea castra poli.

159 355 1199 129 „ Unus enim Deus est, qui nos, qui cuncta gubernat,

163 428 1224 124 „ Quique tenet forti condita cuncta manu.

184 499 1124 129 „ Hunc quotquot sancti studiosa mente sequuntur

188 569 992 120 „ Non vana cernent se caruisse fide.

184 659 1075 105 „ Gentiles contra  qui numina vana verentur

195 704 1130 122 „ Cum vanis videas succubuisse DEIS

309 758 1084 139 Spes mea sit Dominus, cui grates reddere fas est

387 837 953 125 Cui decet et larga reddere vota manu.

198 914 1068 139 „ In se solus enim sperantes pectore firmo

343 995 975 119 Eripit, hoc manat fonte benigna salus.

298 1075 977 131 Talia divino cantabat carmine vates

381 1139 864 129 Collaudans vires iuditiumque Dei.

307 1208 989 140 Aspexit profugum de summo vertice coeli

397 1283 1020 128 Omnipotens, sceleris quem puduisse videt.

336 1350 943 138 Condonat culpas et vitae facta prioris,

368 1435 961 129 Altera sona tibi pugna parate ait

329 1501 1496 184 Intrabis Nineven, perages mea iussa tremenda. 〈 Secunda Ionae vocatio 〉

358 1574 1015 131 Hei nimius sceleris clamor in astra volat

330 1664 1051 108 Nec moveat quod sit ventosa laude superba,

398 1730 926 119 Tu mea fac peragas quae tibi iussa fero.

299 1799 1213 110 Dixerat: hic animo vigili prius acta revolvens

366 1867 924 111 Alternat varias corde dolente vices:

318 1942 977 117 Non tamen altisoni detrectat nobile munus,

355 2015 1065 135 Nec modo pro solito dat sua terga fugae.
