2000 2581
263 115 958 115 Hei quoties miserę totas ex ordine noctes

268 196 994 110 Ducimus insomnes mollis dulcedine formę

282 255 950 108 Captae, nec datur ah nobis finire dolorem

276 307 1031 119 Insomnem, miseras si non tua cura iuvabit.

264 383 983 108 Ah quoties volui tantas e pectore curas

262 450 968 98 Pellere, desĭderans coeco luctarier igne.

265 482 1149 144 Non tamen infoelix rabidam compescere flammam

275 572 1062 104 Quivi, nec tanto morbo reperire medelam.

270 627 1100 108 Ah fatear tandem, quid enim cęlasse iuvabit

211 700 1199 103 „ Cum prodant semper claras sua lumina flammas?

263 763 980 105 Ad te confugio supplex, tu vota precantis

268 811 1055 117 Accipe, nec precibus nostris o chare resistas.

268 884 1155 110 Nunc tibi me totam trado, tibi corporis huius

282 940 1097 112 Iura damus, quocunque velis nos usque sequemur.

284 1000 1020 105 Utere tu nobis, semper tua iussa feremus.

278 1066 1066 108 Seu placet extremos Seras et adire remotos

271 1137 1081 109 Aethyopes, parens semper comitabor euntem.

268 1195 1136 99 Frigora non terrent fortem, non aequoris undas

274 1265 1119 105 Horreo, sed fortes animo mala cuncta feremus.

263 1323 1125 105 O miserere mei, miseras ne sperne querelas,

273 1384 1056 98 Si modo nunc aliqua est nostrae tibi cura salutis.

272 1448 980 90 Ne dubita quęso, nullas in pectore curas

271 1504 988 106 Concipe, securus tu cuncta pericula sperne.

286 1561 1080 108 Conscius est nemo, nullus tua facta revelat.

285 1642 958 94 Cęlari poterit semper sine crimine culpa.

270 1683 1069 105 Quid petis ah foelix? num tu maiora tenere

280 1750 1277 142 Nunc potes? aut parum est quod sum tibi splendida supplex?

286 1811 936 89 Vicisti miseram, vicit tua gratia vultus,

282 1864 1026 125 Utere mancipiis, claro me dūce triumpho.

269 1932 1151 114 Non ego te famulum dico, sed serva videri

278 2010 994 92 Posco, si servae possunt te flectere vota.

268 2070 996 103 Quod si divitię clarę, nec gloria celsa

268 2133 1145 127 Flectere te possunt, nostram curare salutem
