2000 2581
329 160 1054 106 Conceptisque modo lachrymis mea lumina stillant

396 225 1016 109 Inque sinum nostrum magnus ut imber eunt.

356 290 1012 98 Has habeo mecum luctus mala symbola nostri,

401 333 964 107 His lux, his gelidae tempora noctis eunt.

345 404 1056 120 Barbarus ipse velim gemitus lachrymasque videret

400 456 736 119 Non posset siccis illa videre genis.

346 523 1040 106 Sola mei mecum est non spes mihi parva laboris

409 587 976 102 Quam famulam nobis barbarus ipse dedit.

347 644 999 105 Hęc lachrymis precibusque piis commota, dolores

405 706 831 106 Partitur mecum fida ministra mihi.

353 768 1089 132 Hęc facit ut liceat tibi nunc hęc mittere scripta

410 823 764 105 Colloquii nostri sola scit illa vices.

352 899 964 97 Hęc me solatur miseram, mea vota precantis

409 960 843 92 Adiuvat, exoptans consuluisse mihi.

364 1014 1030 101 Te nunc, o coniux, te nunc germane precamur,

410 1071 868 98 Pristina fac redeant foedera iusta thori.

368 1130 1012 117 Per genus et generis patrem seriemque laborum

410 1189 893 97 Quam tecum forti pectore firma tuli

384 1250 874 111 Per spem promissi nobis te seminis oro

408 1316 780 107 Illius facito mater ut esse queam.

364 1355 1011 128 Quod si amor hic nostri languet, si foedere lecti

411 1432 1001 96 Non tangunt, nec te fata futura movent.

373 1499 1042 103 Stat luctu et lachrymis tantos finire dolores

410 1567 996 92 Nec longum mortis iam mihi tempus erit.

352 1620 1097 95 Nunc color evănuit, nullo stant robore vires,

412 1690 871 101 Pallida vix artus semianimisque traho.

352 1744 1133 124 Spes modo quod superest nobis nunc sustinet omne,

419 1816 914 98 Quę si conciderit vita salusque cadet.

356 1875 985 112 Plura quid, ah, scribo, mandati summa futura est.

396 1939 955 122 Fer vir opem nobis, fer mihi frater opem.
