2000 2581
256 100 1050 132 Ne dubita saltem precibus sua corda movebis,

252 189 1057 105 Nec deerit doctae vehemens facundia linguae.

259 257 1056 104 Quid? si divini vates nunc verba loquuntur,

267 320 960 103 Iuppiter excelsus divo succumbit amori

258 385 1025 97 Et deus humanas divino corpore formas

259 447 1063 101 Accipit, et facibus lętus mortalibus ardet.

259 507 984 104 Atque hic qui summum foelix moderatur Olympum

269 570 1023 110 Cuique soror coniunxque simul Saturnia Iuno,

255 631 966 93 Et mihi non liceat simili succumbere amori?

256 699 1075 101 Accedam supplex illum, mea vulnera pandam,

271 761 1021 99 Nec pudeat dominam peregrino cedere servo.

250 813 799 103 Discedat fastus celsoque superbia vultu.

258 878 1144 102 Non decet hoc dominam, servae tu munera sumes.

255 924 1074 128 Quid facis infoelix, tantum committere crimen

248 986 1019 97 Expetis, et servo parens vis ipsa videri?

261 1043 1042 101 Quin potius longum saevo valedicas amori.

266 1091 1035 93 Num te quae cunctas excellis celsa matronas

272 1156 993 113 Imperio obscuri famuli submittĕs iniquo?

259 1220 899 110 Sustineam certe, sic est sententia fixa,

252 1280 1142 116 Et precor ut nostro nunc sit deus aequus amori.

194 1355 986 105 Talibus infoelix alii dum munere somni

265 1405 1111 106 Gaudent, insomnes deducens ordine noctes

260 1477 1103 115 Aestuat, atque graves curas in pectore volvit.

243 1544 1169 109 Forsitan et somnus miseram si cępit amantem

259 1608 1108 103 Non tamen ardentes compescit pectore flammas,

259 1670 1200 109 Mox etenim in somnis pueri se ostentat imago,

251 1733 994 113 Et renovat fallax aegroto corde dolorem.

257 1807 1149 111 Somniat augustam faciem, moresque benignos,

243 1868 1194 102 Et tenerum corpus, radiantis lumina vultus,

264 1933 1175 114 Sępius exclamat cum dulcia somnia oberrant,

248 2001 1064 99 Et vocat infoelix adamati nomen amici.

252 2064 1021 107 Ah quoties totis iacuit resoluta medullis

236 2128 1218 119 Dum Veneris ludos imitantia somnia fingunt?
