2000 2581
867 124 328 101 MARIA

477 195 1034 115 Sumque mei sceleris sicut et ante memor.

426 262 1042 128 Utque solet pavo pictas demittere pennas,

492 331 1150 129 Cum videt indignos sordida membra pedes,

436 397 1008 140 Sic ego conspiciens tristi mea corpora tabe

490 468 934 126 Perdita, demitto corda dolore gravi.

430 551 1313 130 Quodque licet solum, lachrymas de lumine fundo

481 615 1098 130 Ut vernae fluitant sole madente nives.

439 689 974 130 Has habeo solas afflicti signa doloris

467 772 982 117 Et lacero molles ungue rigente genas.

447 819 1120 141 Vel modo prospiciens sanctissima castra reviso

473 904 1081 133 Et quo non possum corpore, corde feror.

427 987 1277 132 Sic ego ( me miseram! ) longissima tempora duco,

470 1047 1190 159 Spe, gemitu, lachrymis flendo, dolore, prece.

410 1104 1031 149 Ah quoties dominum demisso pectore votis

482 1191 809 126 Incessabilibus nocte dieque precor?

419 1260 1033 135 Nunc quoque dum scribo verbis operata pudicis

481 1346 1017 113 Inclamo summum mente dolente deum.

394 1420 1206 124 O pater omnipotens vindex sanctissime mundi,

483 1497 1043 128 Qui nos, qui coeli sceptra suprema regis.

409 1555 1139 134 Qui punis trepidos iusto moderamine sontes,

469 1645 985 114 Ah noli meritis digna referre meis.

420 1707 1113 147 Sit te posse satis, culpam cognosco scelusque

466 1789 1055 120 Hei rogo clementes perge tenere manus.

431 1851 945 131 Peccavi, fateor, peccatum ignosce fatenti,

476 1918 1008 135 Ut scelus hoc sic et gratia magna tua est.

424 2008 998 122 Talia dum posco submissa voce tonantem,

490 2085 1032 126 Lumina de terra vix pudibunda levo.
