2000 2581
230 118 1080 129 Ast hic ceu claro resplendes aethere sydus

236 211 1153 108 Emicat, et diam praefert in corpore formam,

250 273 1129 108 Os humerosque deo similis, nam plurimus olli

256 336 1225 125 Splendor inest, pulchroque micat sub corpore virtus,

252 419 1130 105 Nunc etenim prima rubeas lanugine malas

257 482 1171 118 Contegit, et prima resplendent ora iuventa,

252 550 1110 125 Atque oculi blandi fulgent, queis plurima lucet

257 606 1289 116 Gratia, tum placidum fert blandum lumen amorem,

258 683 1153 96 Quid referam placidas venientes pectore voces,

267 746 1164 126 Quas laudant cuncti proceres dictisque moventur

245 812 1192 112 Orantis pueri, nec quis male sanus honorem

252 861 1177 133 Invidet insignem, cuncti sed munere dignum

250 934 1172 136 Affirmant tanto, inque animo maiora precantur.

250 994 985 105 O foelix nimium iuvenis, nisi forma decora

268 1061 1026 128 Cepisset dominam, dirusque cupidinis ignis.

207 1139 1078 121 „ Improbe et infoelix, quae tu non corda Cupido

203 1194 1247 147 „ Flectis, dum coecum spiras male fidus amorem?

203 1276 1172 128 „ Hei quantos multis casus quantasque ruinas

210 1339 1159 139 „ Movisti sęvis, celeres dum saepe sagittas

206 1422 1019 99 „ Immittis miseris irritamenta malorum,

201 1483 1217 130 „ Et modo fortunę iuvenis proh improbus obstas.

193 1552 1194 124 Nam mulier forma praestans, quam Putiphar olim

246 1638 1143 114 Duxerat in thalamos communis foedere lecti,

267 1709 1024 127 Cumque illa foelix plures exegerat annos,

274 1786 1017 117 Ut iuvenis vidit formam lętique ruboris

276 1846 1134 134 Vultum, qui placidum semper spirabat amorem,

266 1922 1153 127 Laudat formosam faciem plenamque pudoris

269 1993 1028 135 Quo puer offusus tingebat saepius ora.

261 2059 1230 137 Nunc habitus spectat claros, nunc corpora laudat

267 2149 1123 129 Mollia, praeclarum iuvenili in corpore pectus,
