2000 2581
680 118 396 93 SAMSONI

259 171 1013 119 Oscula tunc figo vel de te mutua sumo,

353 244 1506 123 Oscula coelesti non renuenda Deae.

274 313 983 111 Ast ubi lętitiae forsan pars maxima nostrae

351 383 934 121 Approperat tenero corpore Somnus abit.

285 450 1066 128 Tunc ego ceu nobis fugientem cernere possim

349 523 901 123 In lachrymas iaceo tota soluta meas

281 602 1059 118 Et repetita mea volvo vaga gaudia mente,

354 667 913 126 Materiam luctus congero et inde mei.

287 731 1038 126 Sic mihi mox agitur, pereunt sic tempora lucis

345 829 903 117 Dum tu tam longo tempore lentus abes.

296 891 1164 155 Huc tamen, o iuvenis, toto mihi corde recepte,

342 954 912 143 Lecti iam renovans gaudia nostra redi.

297 1034 1054 131 Quod si nolueris, peream mihi crede dolendo,

350 1123 896 118 An poteris causam mortis habere meae?

279 1206 1009 104 Ah potius vivam per te, sed munera vitae

348 1257 911 155 Hora tui reditus sola dedisse potest.

473 1384 716 91 MICHOL DAVIDI.

238 1450 935 177 Diceris exacto lugentis tempore vitae

339 1561 910 138 Regia victrici sceptra tenere manu.

247 1643 1130 156 Gratulor incolumi, si tu sinis, hoc tamen ipsum

344 1736 887 123 Me potius per te perdidicisse velim.

276 1817 956 115 Nam quamvis alii vivam commissa marito

361 1882 932 140 Sum tamen in regis carmine digna legi.

291 1954 1229 133 Nam quod translatum est dilecti foedus amoris

384 2035 1123 146 Non mea, crede mihi, culpa parentis erat.
