2000 2581
567 106 934 144 Versicolorque cadit tristi de corpore vestis

601 196 877 115 Purpureus nusquam fulget in urbe color.

530 264 1162 111 Nec modo dilectis cura est placuisse maritis,

603 335 965 111 Nec modo solicitae sordida membra lavant.

562 408 1069 106 Nulla et inornatos discernit cura capillos,

606 484 977 104 Non Arabum tenerum corpus odore nitet.

543 538 1040 135 Sed pia deiectae tendentes brachia coelo.

589 621 1101 127 Ad Dominum fundunt corde dolente preces.

563 691 1081 117 Totus ubique ruit populus moresque reformat

627 770 911 114 Corruptos, pellit crimen ubique procul.

549 838 1073 119 Nec tamen ut soliti fuerant idola frequentant

608 906 859 126 Impia, nec turpes impietate locos.

574 971 1027 130 Nulla diis redolent alienis thura Sabaea,

596 1047 932 101 Sed Domino coeli debita vota vovent.

554 1091 1072 153 Iuppiter haud ullus nunc tota auditur in urbe

626 1183 1017 125 Nec qui Gangetico victor ab orbe fuit.

557 1258 1207 112 Nulla Minerva sonat, niveis non Iuno lacertis

601 1322 1165 137 Non Mars, non Pallas, non meretrixque Venus.

559 1397 883 137 Impia sed coeli Domino delicta fatentur

608 1474 894 129 Agnoscunt poenas se meruisse graves

534 1546 1103 134 Atque orant veniam factis vitamque süetam

624 1626 926 138 Abiiciunt, vitae forma prioris abest.

509 1690 1009 164 Interea tristi dum talia in urbe geruntur,

613 1762 1087 155 Cum gemitu et lachrymis moenia tota sonant.

545 1849 984 139 Afflictos sentit contrito pectore cives

618 1921 1022 138 Qui Nineves clarę fortia sceptra gerit.

541 2004 1064 129 Et quaerit moesti quaenam sit causa doloris

601 2075 1152 145 Et sua mens aliquid credit adesse mali.
